,day,timestamp,product,bid_price_1,bid_volume_1,bid_price_2,bid_volume_2,bid_price_3,bid_volume_3,ask_price_1,ask_volume_1,ask_price_2,ask_volume_2,ask_price_3,ask_volume_3,mid_price,profit_and_loss
0,-2,0,BANANAS,4997,26,,,,,5003,26,,,,,5000.0,0.0
2,-2,100,BANANAS,4997,20,,,,,4998,1,5004.0,20.0,,,4997.5,2.86328125
5,-2,200,BANANAS,4997,31,,,,,5004,31,,,,,5000.5,2.536621094
7,-2,300,BANANAS,4997,27,,,,,5004,27,,,,,5000.5,2.405761719
9,-2,400,BANANAS,4997,20,,,,,5002,9,5004.0,20.0,,,4999.5,2.92578125
11,-2,500,BANANAS,5002,1,4997.0,30.0,,,5004,30,,,,,5003.0,2.565917969
13,-2,600,BANANAS,4997,30,,,,,5004,30,,,,,5000.5,2.388671875
15,-2,700,BANANAS,4998,5,4997.0,28.0,,,5004,28,,,,,5001.0,2.603515625
17,-2,800,BANANAS,5003,1,4997.0,23.0,,,5004,23,,,,,5003.5,2.372558594
19,-2,900,BANANAS,4997,30,,,,,5004,30,,,,,5000.5,2.228027344
20,-2,1000,BANANAS,4998,2,4997.0,22.0,,,5004,24,,,,,5001.0,2.111816406
23,-2,1100,BANANAS,4998,3,4997.0,25.0,,,5004,26,,,,,5001.0,-0.796875
24,-2,1200,BANANAS,4999,6,4998.0,28.0,,,5004,1,5005.0,27.0,,,5001.5,-1.231445313
27,-2,1300,BANANAS,5000,3,4997.0,23.0,,,5004,23,,,,,5002.0,-0.642578125
28,-2,1400,BANANAS,4997,26,,,,,5004,26,,,,,5000.5,-5.8046875
31,-2,1500,BANANAS,4997,27,,,,,5004,27,,,,,5000.5,-39.6953125
32,-2,1600,BANANAS,4998,1,4997.0,23.0,,,5004,24,,,,,5001.0,-41.015625
35,-2,1700,BANANAS,4997,28,,,,,5002,6,5004.0,28.0,,,4999.5,-41.3203125
36,-2,1800,BANANAS,5003,1,4998.0,10.0,4997.0,24.0,5004,24,,,,,5003.5,-38.96875
39,-2,1900,BANANAS,5002,1,4997.0,26.0,,,5004,26,,,,,5003.0,-30.109375
40,-2,2000,BANANAS,5002,1,4997.0,31.0,,,5004,31,,,,,5003.0,-27.9375
43,-2,2100,BANANAS,4997,22,,,,,5004,22,,,,,5000.5,-26.2734375
44,-2,2200,BANANAS,4997,26,,,,,5003,1,5004.0,25.0,,,5000.0,-23.8359375
47,-2,2300,BANANAS,4997,30,,,,,5004,30,,,,,5000.5,-35.171875
49,-2,2400,BANANAS,4998,30,,,,,5005,30,,,,,5001.5,-43.9765625
51,-2,2500,BANANAS,4997,21,,,,,5004,21,,,,,5000.5,-20.1953125
53,-2,2600,BANANAS,4996,22,,,,,5003,22,,,,,4999.5,-3.6171875
55,-2,2700,BANANAS,4996,27,,,,,5001,8,5002.0,1.0,5003.0,26.0,4998.5,-2.0703125
57,-2,2800,BANANAS,4996,28,,,,,5003,28,,,,,4999.5,1.6484375
59,-2,2900,BANANAS,4996,30,,,,,5003,30,,,,,4999.5,-0.203125
61,-2,3000,BANANAS,4996,28,,,,,5002,2,5003.0,26.0,,,4999.0,-2.09375
63,-2,3100,BANANAS,5002,1,4997.0,25.0,,,5003,2,5004.0,23.0,,,5002.5,-20.6328125
64,-2,3200,BANANAS,4996,28,,,,,5003,28,,,,,4999.5,-10.8671875
66,-2,3300,BANANAS,4996,20,,,,,5003,20,,,,,4999.5,-10.96875
68,-2,3400,BANANAS,4997,23,,,,,5003,1,5004.0,22.0,,,5000.0,-38.1796875
70,-2,3500,BANANAS,5003,1,4997.0,31.0,,,5004,31,,,,,5003.5,-44.59375
72,-2,3600,BANANAS,4998,3,4997.0,26.0,,,5004,26,,,,,5001.0,-51.1796875
74,-2,3700,BANANAS,4997,27,,,,,5004,27,,,,,5000.5,-46.0390625
76,-2,3800,BANANAS,4996,27,,,,,5001,7,5003.0,27.0,,,4998.5,-29.609375
78,-2,3900,BANANAS,5002,1,4997.0,1.0,4996.0,25.0,5003,26,,,,,5002.5,-31.2578125
80,-2,4000,BANANAS,4998,3,4997.0,27.0,,,5004,27,,,,,5001.0,-30.328125
82,-2,4100,BANANAS,4997,8,4996.0,28.0,,,5003,28,,,,,5000.0,-17.59375
84,-2,4200,BANANAS,4997,5,4996.0,25.0,,,5002,2,5003.0,23.0,,,4999.5,-13.75
86,-2,4300,BANANAS,4996,26,,,,,5003,26,,,,,4999.5,-12.953125
88,-2,4400,BANANAS,4996,9,4995.0,28.0,,,5002,29,,,,,4999.0,-2.765625
90,-2,4500,BANANAS,4996,2,4995.0,29.0,,,5002,30,,,,,4999.0,-1.6875
92,-2,4600,BANANAS,4996,2,4995.0,29.0,,,5002,31,,,,,4999.0,-2.6875
95,-2,4700,BANANAS,4996,1,4995.0,29.0,,,5000,3,5002.0,30.0,,,4998.0,-3.0625
97,-2,4800,BANANAS,4995,26,,,,,5000,6,5002.0,26.0,,,4997.5,2.40625
99,-2,4900,BANANAS,4996,2,4995.0,22.0,,,5002,24,,,,,4999.0,-3.953125
101,-2,5000,BANANAS,4996,21,,,,,5001,1,5002.0,1.0,5003.0,20.0,4998.5,-13.515625
103,-2,5100,BANANAS,4999,2,4996.0,31.0,,,5003,31,,,,,5001.0,-16.9375
105,-2,5200,BANANAS,4996,27,,,,,5002,2,5003.0,25.0,,,4999.0,-8.125
107,-2,5300,BANANAS,4996,23,,,,,5003,23,,,,,4999.5,-15.984375
109,-2,5400,BANANAS,4996,30,,,,,5002,1,5003.0,29.0,,,4999.0,-10.5625
111,-2,5500,BANANAS,4997,7,4996.0,30.0,,,5003,30,,,,,5000.0,-19.984375
112,-2,5600,BANANAS,4996,32,,,,,5002,2,5003.0,30.0,,,4999.0,-8.4375
114,-2,5700,BANANAS,4996,29,,,,,5001,1,5003.0,29.0,,,4998.5,-18.265625
117,-2,5800,BANANAS,4996,28,,,,,5003,28,,,,,4999.5,-18.015625
119,-2,5900,BANANAS,4996,3,4995.0,28.0,,,5002,29,,,,,4999.0,-4.5625
120,-2,6000,BANANAS,4996,2,4995.0,21.0,,,5002,23,,,,,4999.0,-1.171875
122,-2,6100,BANANAS,4996,1,4995.0,26.0,,,5002,27,,,,,4999.0,-1.71875
125,-2,6200,BANANAS,4996,2,4995.0,23.0,,,5002,25,,,,,4999.0,-4.640625
127,-2,6300,BANANAS,4995,26,,,,,5002,26,,,,,4998.5,5.953125
128,-2,6400,BANANAS,4995,25,,,,,5002,26,,,,,4998.5,14.796875
130,-2,6500,BANANAS,4995,22,,,,,5001,1,5002.0,21.0,,,4998.0,12.578125
133,-2,6600,BANANAS,4995,1,4994.0,23.0,,,5001,25,,,,,4998.0,14.84375
135,-2,6700,BANANAS,4996,3,4995.0,28.0,,,5001,1,5002.0,27.0,,,4998.5,12.140625
136,-2,6800,BANANAS,4995,24,,,,,5002,24,,,,,4998.5,-1.328125
139,-2,6900,BANANAS,4999,1,4994.0,28.0,,,5001,28,,,,,5000.0,20.34375
141,-2,7000,BANANAS,4994,24,,,,,5001,24,,,,,4997.5,18.3125
143,-2,7100,BANANAS,4995,26,,,,,5002,26,,,,,4998.5,2.25
145,-2,7200,BANANAS,4995,27,,,,,5001,1,5002.0,26.0,,,4998.0,6.1875
147,-2,7300,BANANAS,4994,27,,,,,5001,28,,,,,4997.5,14.015625
149,-2,7400,BANANAS,4995,28,,,,,5000,3,5002.0,28.0,,,4997.5,1.703125
151,-2,7500,BANANAS,4995,26,,,,,5002,26,,,,,4998.5,-0.046875
152,-2,7600,BANANAS,4995,30,,,,,5002,30,,,,,4998.5,-12.875
154,-2,7700,BANANAS,4995,26,,,,,4996,8,5000.0,1.0,5002.0,26.0,4995.5,-7.890625
156,-2,7800,BANANAS,4995,1,4994.0,21.0,,,5001,22,,,,,4998.0,13.390625
158,-2,7900,BANANAS,4995,1,4994.0,29.0,,,5001,30,,,,,4998.0,15.0
160,-2,8000,BANANAS,4995,9,4994.0,24.0,,,5001,24,,,,,4998.0,21.40625
162,-2,8100,BANANAS,4995,10,4994.0,20.0,,,5001,21,,,,,4998.0,10.3125
164,-2,8200,BANANAS,4995,30,,,,,5000,9,5002.0,30.0,,,4997.5,9.53125
166,-2,8300,BANANAS,4994,29,,,,,5001,29,,,,,4997.5,33.59375
168,-2,8400,BANANAS,4994,6,4993.0,25.0,,,4995,3,5000.0,25.0,,,4994.5,51.234375
170,-2,8500,BANANAS,4994,24,,,,,5001,24,,,,,4997.5,38.25
172,-2,8600,BANANAS,4994,28,,,,,4999,10,5001.0,28.0,,,4996.5,28.25
174,-2,8700,BANANAS,4994,24,,,,,4999,5,5001.0,24.0,,,4996.5,39.4375
176,-2,8800,BANANAS,4999,1,4995.0,1.0,4994.0,20.0,5001,20,,,,,5000.0,42.9375
178,-2,8900,BANANAS,4994,27,,,,,5001,27,,,,,4997.5,37.421875
180,-2,9000,BANANAS,4994,31,,,,,5001,31,,,,,4997.5,29.8125
183,-2,9100,BANANAS,4994,24,,,,,5001,24,,,,,4997.5,15.515625
185,-2,9200,BANANAS,4995,28,,,,,5000,2,5002.0,28.0,,,4997.5,11.375
187,-2,9300,BANANAS,4996,9,4995.0,28.0,,,5001,2,5002.0,26.0,,,4998.5,12.953125
189,-2,9400,BANANAS,4995,2,4994.0,25.0,,,5001,27,,,,,4998.0,17.21875
191,-2,9500,BANANAS,4995,25,,,,,5000,6,5002.0,25.0,,,4997.5,0.0
193,-2,9600,BANANAS,4994,31,,,,,5001,31,,,,,4997.5,36.796875
195,-2,9700,BANANAS,4994,30,,,,,5001,30,,,,,4997.5,39.078125
196,-2,9800,BANANAS,4994,25,,,,,5001,25,,,,,4997.5,38.578125
199,-2,9900,BANANAS,4994,2,4993.0,25.0,,,5000,27,,,,,4997.0,61.890625
200,-2,10000,BANANAS,4994,1,4993.0,30.0,,,5000,31,,,,,4997.0,56.484375
203,-2,10100,BANANAS,4993,25,,,,,5000,25,,,,,4996.5,67.15625
204,-2,10200,BANANAS,4994,30,,,,,5000,1,5001.0,29.0,,,4997.0,53.09375
207,-2,10300,BANANAS,4999,1,4994.0,23.0,,,5001,23,,,,,5000.0,52.15625
208,-2,10400,BANANAS,4994,23,,,,,4999,3,5001.0,23.0,,,4996.5,41.0
211,-2,10500,BANANAS,4999,5,4994.0,20.0,,,5001,20,,,,,5000.0,20.65625
212,-2,10600,BANANAS,4995,1,4994.0,29.0,,,4999,8,5001.0,30.0,,,4997.0,19.671875
215,-2,10700,BANANAS,4994,29,,,,,5001,29,,,,,4997.5,36.109375
216,-2,10800,BANANAS,4994,2,4993.0,22.0,,,5000,24,,,,,4997.0,64.484375
219,-2,10900,BANANAS,4994,22,,,,,5001,22,,,,,4997.5,31.71875
220,-2,11000,BANANAS,4994,27,,,,,5001,27,,,,,4997.5,33.828125
223,-2,11100,BANANAS,4994,29,,,,,5001,29,,,,,4997.5,46.75
224,-2,11200,BANANAS,4994,21,,,,,5001,21,,,,,4997.5,51.28125
227,-2,11300,BANANAS,4994,22,,,,,5001,23,,,,,4997.5,51.734375
229,-2,11400,BANANAS,4994,30,,,,,4995,1,5001.0,30.0,,,4994.5,34.828125
231,-2,11500,BANANAS,4995,4,4994.0,24.0,,,5001,24,,,,,4998.0,31.484375
233,-2,11600,BANANAS,4994,30,,,,,4999,9,5001.0,30.0,,,4996.5,31.265625
235,-2,11700,BANANAS,4994,23,,,,,5001,23,,,,,4997.5,45.796875
237,-2,11800,BANANAS,4994,31,,,,,5001,31,,,,,4997.5,36.3125
239,-2,11900,BANANAS,4994,23,,,,,5000,1,5001.0,22.0,,,4997.0,57.359375
241,-2,12000,BANANAS,4994,30,,,,,5001,30,,,,,4997.5,43.859375
242,-2,12100,BANANAS,4995,21,,,,,5002,21,,,,,4998.5,12.953125
244,-2,12200,BANANAS,4994,23,,,,,5001,23,,,,,4997.5,43.96875
246,-2,12300,BANANAS,4994,6,4993.0,28.0,,,5000,28,,,,,4997.0,94.09375
248,-2,12400,BANANAS,4993,25,,,,,5000,25,,,,,4996.5,81.609375
250,-2,12500,BANANAS,4994,29,,,,,4999,10,5001.0,29.0,,,4996.5,29.890625
252,-2,12600,BANANAS,4994,27,,,,,5001,27,,,,,4997.5,50.265625
254,-2,12700,BANANAS,4994,1,4993.0,22.0,,,5000,23,,,,,4997.0,75.71875
256,-2,12800,BANANAS,4994,20,,,,,4999,10,5001.0,20.0,,,4996.5,63.78125
258,-2,12900,BANANAS,4993,20,,,,,4998,7,5000.0,20.0,,,4995.5,47.96875
260,-2,13000,BANANAS,4993,31,,,,,5000,31,,,,,4996.5,61.15625
262,-2,13100,BANANAS,4994,10,4993.0,22.0,,,5000,22,,,,,4997.0,70.1875
264,-2,13200,BANANAS,4993,23,,,,,4998,2,5000.0,23.0,,,4995.5,56.5
266,-2,13300,BANANAS,4993,29,,,,,4998,6,5000.0,29.0,,,4995.5,67.03125
268,-2,13400,BANANAS,4994,4,4993.0,28.0,,,5000,28,,,,,4997.0,59.875
270,-2,13500,BANANAS,4994,4,4993.0,27.0,,,5000,27,,,,,4997.0,61.0625
273,-2,13600,BANANAS,4993,24,,,,,5000,24,,,,,4996.5,83.3125
275,-2,13700,BANANAS,4993,1,4992.0,20.0,,,4999,21,,,,,4996.0,91.78125
277,-2,13800,BANANAS,4992,22,,,,,4999,22,,,,,4995.5,116.78125
279,-2,13900,BANANAS,4992,21,,,,,4999,21,,,,,4995.5,116.65625
281,-2,14000,BANANAS,4995,2,4992.0,25.0,,,4999,25,,,,,4997.0,139.90625
283,-2,14100,BANANAS,4991,27,,,,,4998,27,,,,,4994.5,169.5625
285,-2,14200,BANANAS,4992,25,,,,,4999,25,,,,,4995.5,130.1875
286,-2,14300,BANANAS,4992,24,,,,,4999,25,,,,,4995.5,128.40625
289,-2,14400,BANANAS,4992,20,,,,,4997,10,4999.0,20.0,,,4994.5,129.90625
291,-2,14500,BANANAS,4992,31,,,,,4997,3,4999.0,31.0,,,4994.5,115.9375
292,-2,14600,BANANAS,4992,21,,,,,4999,21,,,,,4995.5,127.5625
294,-2,14700,BANANAS,4992,20,,,,,4999,20,,,,,4995.5,133.84375
297,-2,14800,BANANAS,4992,30,,,,,4993,4,4997.0,7.0,4999.0,30.0,4992.5,122.25
299,-2,14900,BANANAS,4992,29,,,,,4999,29,,,,,4995.5,114.53125
300,-2,15000,BANANAS,4992,22,,,,,4998,2,4999.0,21.0,,,4995.0,143.4375
302,-2,15100,BANANAS,4992,29,,,,,4999,29,,,,,4995.5,120.25
305,-2,15200,BANANAS,4993,4,4992.0,28.0,,,4999,28,,,,,4996.0,136.75
307,-2,15300,BANANAS,4992,8,4991.0,26.0,,,4998,26,,,,,4995.0,166.21875
308,-2,15400,BANANAS,4991,22,,,,,4996,8,4998.0,22.0,,,4993.5,191.375
310,-2,15500,BANANAS,4991,25,,,,,4996,9,4997.0,1.0,4998.0,24.0,4993.5,202.3125
313,-2,15600,BANANAS,4992,8,4991.0,25.0,,,4998,25,,,,,4995.0,157.03125
315,-2,15700,BANANAS,4991,31,,,,,4998,31,,,,,4994.5,189.84375
317,-2,15800,BANANAS,4996,8,4991.0,21.0,,,4998,21,,,,,4997.0,188.59375
319,-2,15900,BANANAS,4990,26,,,,,4997,26,,,,,4993.5,269.34375
321,-2,16000,BANANAS,4991,4,4990.0,22.0,,,4997,22,,,,,4994.0,269.4375
323,-2,16100,BANANAS,4996,1,4991.0,2.0,4990.0,25.0,4997,27,,,,,4996.5,240.875
325,-2,16200,BANANAS,4991,1,4990.0,29.0,,,4995,10,4997.0,30.0,,,4993.0,248.46875
327,-2,16300,BANANAS,4990,30,,,,,4992,4,4993.0,5.0,4995.0,9.0,4991.0,268.5625
329,-2,16400,BANANAS,4990,29,,,,,4997,29,,,,,4993.5,261.25
330,-2,16500,BANANAS,4991,1,4990.0,26.0,,,4995,9,4997.0,27.0,,,4993.0,239.03125
332,-2,16600,BANANAS,4991,23,,,,,4994,3,4998.0,23.0,,,4992.5,229.0
334,-2,16700,BANANAS,4992,24,,,,,4994,4,4998.0,24.0,,,4993.0,155.28125
336,-2,16800,BANANAS,4992,21,,,,,4999,21,,,,,4995.5,143.1875
338,-2,16900,BANANAS,4992,4,4991.0,25.0,,,4998,26,,,,,4995.0,174.71875
340,-2,17000,BANANAS,4992,2,4991.0,27.0,,,4998,29,,,,,4995.0,179.8125
342,-2,17100,BANANAS,4991,25,,,,,4998,25,,,,,4994.5,182.78125
344,-2,17200,BANANAS,4991,30,,,,,4992,1,4998.0,30.0,,,4991.5,178.53125
346,-2,17300,BANANAS,4994,4,4992.0,1.0,4991.0,24.0,4996,1,4998.0,25.0,,,4995.0,179.8125
348,-2,17400,BANANAS,4992,6,4991.0,26.0,,,4998,26,,,,,4995.0,172.96875
350,-2,17500,BANANAS,4991,22,,,,,4997,1,4998.0,21.0,,,4994.0,239.53125
352,-2,17600,BANANAS,4991,31,,,,,4998,31,,,,,4994.5,206.59375
354,-2,17700,BANANAS,4991,28,,,,,4998,28,,,,,4994.5,229.5625
356,-2,17800,BANANAS,4995,5,4991.0,1.0,4990.0,29.0,4997,30,,,,,4996.0,276.34375
358,-2,17900,BANANAS,4991,22,,,,,4997,2,4998.0,20.0,,,4994.0,255.625
361,-2,18000,BANANAS,4991,30,,,,,4998,30,,,,,4994.5,200.6875
363,-2,18100,BANANAS,4991,26,,,,,4998,27,,,,,4994.5,177.3125
365,-2,18200,BANANAS,4992,4,4991.0,28.0,,,4994,5,4998.0,29.0,,,4993.0,170.625
367,-2,18300,BANANAS,4992,9,4991.0,27.0,,,4998,27,,,,,4995.0,207.5625
369,-2,18400,BANANAS,4992,21,,,,,4997,6,4999.0,21.0,,,4994.5,85.5625
371,-2,18500,BANANAS,4992,26,,,,,4999,26,,,,,4995.5,46.0625
373,-2,18600,BANANAS,4992,31,,,,,4993,1,4997.0,10.0,4999.0,31.0,4992.5,97.375
375,-2,18700,BANANAS,4992,32,,,,,4997,8,4998.0,2.0,4999.0,30.0,4994.5,130.3125
376,-2,18800,BANANAS,4992,26,,,,,4997,6,4998.0,2.0,4999.0,24.0,4994.5,126.4375
379,-2,18900,BANANAS,4992,6,4991.0,25.0,,,4998,25,,,,,4995.0,197.0625
380,-2,19000,BANANAS,4991,24,,,,,4996,9,4998.0,24.0,,,4993.5,189.5
383,-2,19100,BANANAS,4991,24,,,,,4996,8,4998.0,24.0,,,4993.5,210.4375
384,-2,19200,BANANAS,4992,23,,,,,4998,24,,,,,4995.0,151.875
387,-2,19300,BANANAS,4993,4,4992.0,31.0,,,4999,31,,,,,4996.0,108.0
388,-2,19400,BANANAS,4992,1,4991.0,23.0,,,4998,23,,,,,4995.0,228.8125
391,-2,19500,BANANAS,4992,5,4991.0,31.0,,,4998,31,,,,,4995.0,227.0
392,-2,19600,BANANAS,4995,1,4990.0,22.0,,,4997,22,,,,,4996.0,301.75
395,-2,19700,BANANAS,4991,26,,,,,4997,1,4998.0,25.0,,,4994.0,251.5
396,-2,19800,BANANAS,4991,23,,,,,4998,23,,,,,4994.5,243.8125
399,-2,19900,BANANAS,4994,2,4991.0,26.0,,,4998,26,,,,,4996.0,218.3125
400,-2,20000,BANANAS,4990,28,,,,,4997,28,,,,,4993.5,268.0
403,-2,20100,BANANAS,4991,30,,,,,4998,30,,,,,4994.5,183.0
405,-2,20200,BANANAS,4992,28,,,,,4999,28,,,,,4995.5,89.0625
407,-2,20300,BANANAS,4997,1,4996.0,5.0,4992.0,25.0,4998,1,4999.0,24.0,,,4997.5,138.6875
409,-2,20400,BANANAS,4992,25,,,,,4999,25,,,,,4995.5,143.6875
411,-2,20500,BANANAS,4992,1,4991.0,24.0,,,4998,25,,,,,4995.0,172.4375
413,-2,20600,BANANAS,4991,21,,,,,4998,21,,,,,4994.5,173.75
415,-2,20700,BANANAS,4991,23,,,,,4998,23,,,,,4994.5,239.875
417,-2,20800,BANANAS,4992,23,,,,,4998,2,4999.0,21.0,,,4995.0,142.625
418,-2,20900,BANANAS,4992,2,4991.0,28.0,,,4998,30,,,,,4995.0,193.3125
420,-2,21000,BANANAS,4991,29,,,,,4998,29,,,,,4994.5,212.125
422,-2,21100,BANANAS,4992,1,4991.0,22.0,,,4998,23,,,,,4995.0,185.9375
424,-2,21200,BANANAS,4991,28,,,,,4998,28,,,,,4994.5,220.0
426,-2,21300,BANANAS,4991,29,,,,,4996,5,4998.0,29.0,,,4993.5,232.6875
428,-2,21400,BANANAS,4996,1,4991.0,23.0,,,4998,23,,,,,4997.0,264.125
430,-2,21500,BANANAS,4991,26,,,,,4996,5,4997.0,1.0,4998.0,25.0,4993.5,271.25
432,-2,21600,BANANAS,4995,8,4993.0,3.0,4990.0,23.0,4997,23,,,,,4996.0,333.375
434,-2,21700,BANANAS,4990,22,,,,,4997,22,,,,,4993.5,356.625
436,-2,21800,BANANAS,4996,1,4990.0,27.0,,,4997,27,,,,,4996.5,367.6875
438,-2,21900,BANANAS,4991,3,4990.0,21.0,,,4997,21,,,,,4994.0,385.4375
440,-2,22000,BANANAS,4991,1,4990.0,24.0,,,4997,24,,,,,4994.0,382.5625
442,-2,22100,BANANAS,4990,26,,,,,4997,26,,,,,4993.5,398.1875
444,-2,22200,BANANAS,4990,27,,,,,4995,1,4997.0,27.0,,,4992.5,358.4375
446,-2,22300,BANANAS,4990,26,,,,,4997,27,,,,,4993.5,372.1875
449,-2,22400,BANANAS,4995,1,4990.0,29.0,,,4997,29,,,,,4996.0,379.5625
451,-2,22500,BANANAS,4990,30,,,,,4996,1,4997.0,29.0,,,4993.0,415.0625
453,-2,22600,BANANAS,4989,22,,,,,4996,22,,,,,4992.5,443.3125
455,-2,22700,BANANAS,4989,27,,,,,4990,1,4996.0,27.0,,,4989.5,510.8125
457,-2,22800,BANANAS,4989,22,,,,,4996,22,,,,,4992.5,483.25
459,-2,22900,BANANAS,4989,22,,,,,4995,1,4996.0,21.0,,,4992.0,544.25
461,-2,23000,BANANAS,4989,2,4988.0,24.0,,,4990,4,4995.0,26.0,,,4989.5,584.125
463,-2,23100,BANANAS,4989,22,,,,,4995,1,4996.0,21.0,,,4992.0,563.0625
464,-2,23200,BANANAS,4989,29,,,,,4995,1,4996.0,28.0,,,4992.0,541.5625
466,-2,23300,BANANAS,4989,22,,,,,4994,4,4995.0,2.0,4996.0,20.0,4991.5,563.1875
469,-2,23400,BANANAS,4991,1,4988.0,21.0,,,4995,21,,,,,4993.0,671.6875
471,-2,23500,BANANAS,4988,22,,,,,4995,22,,,,,4991.5,649.1875
472,-2,23600,BANANAS,4988,23,,,,,4993,3,4995.0,23.0,,,4990.5,635.4375
474,-2,23700,BANANAS,4988,1,4987.0,26.0,,,4994,27,,,,,4991.0,711.375
477,-2,23800,BANANAS,4988,29,,,,,4994,2,4995.0,27.0,,,4991.0,670.0625
479,-2,23900,BANANAS,4987,23,,,,,4994,23,,,,,4990.5,707.8125
480,-2,24000,BANANAS,4987,26,,,,,4988,9,4989.0,2.0,4994.0,26.0,4987.5,768.375
482,-2,24100,BANANAS,4987,31,,,,,4992,7,4994.0,31.0,,,4989.5,763.375
485,-2,24200,BANANAS,4987,32,,,,,4994,32,,,,,4990.5,773.0625
487,-2,24300,BANANAS,4990,6,4987.0,29.0,,,4994,29,,,,,4992.0,762.3125
488,-2,24400,BANANAS,4987,1,4986.0,28.0,,,4993,29,,,,,4990.0,848.5625
490,-2,24500,BANANAS,4993,1,4988.0,8.0,4987.0,22.0,4994,22,,,,,4993.5,751.4375
493,-2,24600,BANANAS,4987,30,,,,,4994,30,,,,,4990.5,786.5
495,-2,24700,BANANAS,4986,27,,,,,4993,27,,,,,4989.5,937.5
497,-2,24800,BANANAS,4987,23,,,,,4993,2,4994.0,21.0,,,4990.0,900.1875
499,-2,24900,BANANAS,4987,2,4986.0,26.0,,,4991,9,4993.0,28.0,,,4989.0,921.75
501,-2,25000,BANANAS,4988,8,4987.0,24.0,,,4993,24,,,,,4990.5,902.25
503,-2,25100,BANANAS,4992,1,4986.0,24.0,,,4993,24,,,,,4992.5,922.875
505,-2,25200,BANANAS,4987,1,4986.0,25.0,,,4993,26,,,,,4990.0,928.75
507,-2,25300,BANANAS,4986,23,,,,,4993,23,,,,,4989.5,913.9375
508,-2,25400,BANANAS,4986,22,,,,,4993,22,,,,,4989.5,959.4375
510,-2,25500,BANANAS,4987,2,4986.0,29.0,,,4991,1,4993.0,31.0,,,4989.0,918.3125
512,-2,25600,BANANAS,4986,31,,,,,4993,31,,,,,4989.5,947.0625
514,-2,25700,BANANAS,4986,30,,,,,4991,8,4993.0,30.0,,,4988.5,1007.25
516,-2,25800,BANANAS,4986,24,,,,,4993,24,,,,,4989.5,1002.625
518,-2,25900,BANANAS,4986,25,,,,,4991,6,4993.0,25.0,,,4988.5,975.4375
520,-2,26000,BANANAS,4986,26,,,,,4993,26,,,,,4989.5,989.625
522,-2,26100,BANANAS,4986,23,,,,,4992,2,4993.0,21.0,,,4989.0,1042.9375
524,-2,26200,BANANAS,4991,1,4986.0,30.0,,,4993,30,,,,,4992.0,1004.875
526,-2,26300,BANANAS,4986,2,4985.0,28.0,,,4992,28,,,,,4989.0,1110.75
528,-2,26400,BANANAS,4985,23,,,,,4992,24,,,,,4988.5,1171.4375
530,-2,26500,BANANAS,4986,1,4985.0,26.0,,,4992,26,,,,,4989.0,1169.1875
532,-2,26600,BANANAS,4985,1,4984.0,22.0,,,4991,23,,,,,4988.0,1254.1875
534,-2,26700,BANANAS,4990,1,4985.0,1.0,4984.0,22.0,4991,23,,,,,4990.5,1301.0625
536,-2,26800,BANANAS,4990,1,4984.0,22.0,,,4991,22,,,,,4990.5,1307.1875
539,-2,26900,BANANAS,4985,26,,,,,4992,26,,,,,4988.5,1245.625
541,-2,27000,BANANAS,4984,21,,,,,4991,21,,,,,4987.5,1308.625
543,-2,27100,BANANAS,4984,30,,,,,4991,30,,,,,4987.5,1351.75
545,-2,27200,BANANAS,4984,28,,,,,4985,1,4991.0,28.0,,,4984.5,1329.0
547,-2,27300,BANANAS,4984,9,4983.0,30.0,,,4990,30,,,,,4987.0,1496.4375
549,-2,27400,BANANAS,4985,1,4984.0,23.0,,,4991,23,,,,,4988.0,1282.25
551,-2,27500,BANANAS,4984,28,,,,,4991,28,,,,,4987.5,1330.6875
552,-2,27600,BANANAS,4984,30,,,,,4991,30,,,,,4987.5,1381.3125
555,-2,27700,BANANAS,4984,27,,,,,4991,27,,,,,4987.5,1321.875
556,-2,27800,BANANAS,4984,24,,,,,4991,24,,,,,4987.5,1324.75
559,-2,27900,BANANAS,4984,7,4983.0,22.0,,,4990,23,,,,,4987.0,1447.9375
560,-2,28000,BANANAS,4984,29,,,,,4991,29,,,,,4987.5,1404.75
563,-2,28100,BANANAS,4985,3,4984.0,24.0,,,4991,24,,,,,4988.0,1349.1875
564,-2,28200,BANANAS,4984,25,,,,,4991,25,,,,,4987.5,1380.6875
567,-2,28300,BANANAS,4984,27,,,,,4985,15,4989.0,6.0,4991.0,27.0,4984.5,1400.375
568,-2,28400,BANANAS,4984,25,,,,,4991,25,,,,,4987.5,1330.625
571,-2,28500,BANANAS,4984,27,,,,,4985,3,4990.0,2.0,4991.0,25.0,4984.5,1399.375
572,-2,28600,BANANAS,4984,26,,,,,4989,2,4990.0,2.0,4991.0,24.0,4986.5,1359.75
575,-2,28700,BANANAS,4985,6,4984.0,32.0,,,4991,32,,,,,4988.0,1349.6875
576,-2,28800,BANANAS,4989,1,4984.0,29.0,,,4990,2,4991.0,27.0,,,4989.5,1402.4375
579,-2,28900,BANANAS,4984,8,4983.0,22.0,,,4990,22,,,,,4987.0,1511.0625
580,-2,29000,BANANAS,4983,26,,,,,4990,26,,,,,4986.5,1528.75
583,-2,29100,BANANAS,4983,22,,,,,4988,3,4989.0,1.0,4990.0,21.0,4985.5,1597.125
585,-2,29200,BANANAS,4983,30,,,,,4988,5,4990.0,30.0,,,4985.5,1519.3125
587,-2,29300,BANANAS,4983,23,,,,,4990,23,,,,,4986.5,1508.1875
589,-2,29400,BANANAS,4983,25,,,,,4990,25,,,,,4986.5,1447.4375
591,-2,29500,BANANAS,4984,5,4983.0,29.0,,,4990,31,,,,,4987.0,1443.5
593,-2,29600,BANANAS,4984,2,4983.0,22.0,,,4990,24,,,,,4987.0,1422.875
595,-2,29700,BANANAS,4983,30,,,,,4990,30,,,,,4986.5,1484.6875
596,-2,29800,BANANAS,4984,2,4983.0,20.0,,,4990,22,,,,,4987.0,1432.25
598,-2,29900,BANANAS,4990,1,4989.0,5.0,4984.0,29.0,4991,29,,,,,4990.5,1292.0
600,-2,30000,BANANAS,4984,28,,,,,4991,28,,,,,4987.5,1326.625
602,-2,30100,BANANAS,4984,21,,,,,4989,5,4991.0,21.0,,,4986.5,1374.8125
604,-2,30200,BANANAS,4984,28,,,,,4990,1,4991.0,27.0,,,4987.0,1387.75
606,-2,30300,BANANAS,4984,30,,,,,4988,6,4990.0,30.0,,,4986.0,1428.875
608,-2,30400,BANANAS,4983,30,,,,,4984,1,4990.0,30.0,,,4983.5,1486.25
610,-2,30500,BANANAS,4983,20,,,,,4988,8,4990.0,20.0,,,4985.5,1472.375
612,-2,30600,BANANAS,4983,30,,,,,4988,2,4990.0,30.0,,,4985.5,1496.3125
614,-2,30700,BANANAS,4984,25,,,,,4990,1,4991.0,24.0,,,4987.0,1378.75
616,-2,30800,BANANAS,4985,2,4984.0,30.0,,,4990,1,4991.0,29.0,,,4987.5,1378.9375
618,-2,30900,BANANAS,4985,8,4984.0,29.0,,,4991,29,,,,,4988.0,1349.1875
620,-2,31000,BANANAS,4984,30,,,,,4991,30,,,,,4987.5,1271.0
622,-2,31100,BANANAS,4984,25,,,,,4991,25,,,,,4987.5,1292.3125
624,-2,31200,BANANAS,4985,25,,,,,4991,2,4992.0,24.0,,,4988.0,1170.5
627,-2,31300,BANANAS,4985,1,4984.0,22.0,,,4989,9,4991.0,23.0,,,4987.0,1225.375
629,-2,31400,BANANAS,4985,7,4984.0,26.0,,,4991,26,,,,,4988.0,1292.9375
631,-2,31500,BANANAS,4984,32,,,,,4989,7,4991.0,32.0,,,4986.5,1323.6875
633,-2,31600,BANANAS,4984,24,,,,,4991,24,,,,,4987.5,1333.4375
635,-2,31700,BANANAS,4989,1,4984.0,1.0,4983.0,25.0,4990,26,,,,,4989.5,1450.5
637,-2,31800,BANANAS,4984,2,4983.0,23.0,,,4990,25,,,,,4987.0,1453.625
639,-2,31900,BANANAS,4983,30,,,,,4989,1,4990.0,29.0,,,4986.0,1592.9375
641,-2,32000,BANANAS,4983,22,,,,,4984,1,4988.0,4.0,4990.0,22.0,4983.5,1476.875
643,-2,32100,BANANAS,4983,23,,,,,4984,1,4988.0,9.0,4990.0,23.0,4983.5,1483.875
644,-2,32200,BANANAS,4983,31,,,,,4990,31,,,,,4986.5,1537.5625
646,-2,32300,BANANAS,4988,1,4983.0,22.0,,,4989,2,4990.0,20.0,,,4988.5,1613.5625
649,-2,32400,BANANAS,4982,30,,,,,4989,30,,,,,4985.5,1645.75
651,-2,32500,BANANAS,4983,2,4982.0,20.0,,,4989,22,,,,,4986.0,1664.5
652,-2,32600,BANANAS,4982,23,,,,,4987,2,4989.0,23.0,,,4984.5,1751.875
654,-2,32700,BANANAS,4987,1,4982.0,31.0,,,4988,2,4989.0,29.0,,,4987.5,1828.8125
657,-2,32800,BANANAS,4982,2,4981.0,24.0,,,4986,2,4988.0,26.0,,,4984.0,1846.625
659,-2,32900,BANANAS,4982,2,4981.0,30.0,,,4986,3,4988.0,32.0,,,4984.0,1884.875
660,-2,33000,BANANAS,4982,26,,,,,4987,3,4989.0,26.0,,,4984.5,1805.625
662,-2,33100,BANANAS,4982,27,,,,,4987,5,4989.0,27.0,,,4984.5,1709.375
665,-2,33200,BANANAS,4983,8,4982.0,21.0,,,4989,21,,,,,4986.0,1723.75
667,-2,33300,BANANAS,4988,1,4983.0,2.0,4982.0,24.0,4989,26,,,,,4988.5,1681.25
668,-2,33400,BANANAS,4985,6,4982.0,30.0,,,4987,3,4989.0,30.0,,,4986.0,1804.5
671,-2,33500,BANANAS,4982,28,,,,,4987,8,4989.0,28.0,,,4984.5,1747.0
673,-2,33600,BANANAS,4982,26,,,,,4989,26,,,,,4985.5,1750.0
675,-2,33700,BANANAS,4983,5,4982.0,25.0,,,4989,25,,,,,4986.0,1706.25
677,-2,33800,BANANAS,4983,20,,,,,4990,20,,,,,4986.5,1561.5
679,-2,33900,BANANAS,4987,1,4983.0,6.0,4982.0,21.0,4989,21,,,,,4988.0,1763.375
681,-2,34000,BANANAS,4988,1,4983.0,1.0,4982.0,26.0,4989,26,,,,,4988.5,1741.25
683,-2,34100,BANANAS,4982,23,,,,,4989,23,,,,,4985.5,1845.125
685,-2,34200,BANANAS,4983,7,4982.0,23.0,,,4989,23,,,,,4986.0,1790.75
686,-2,34300,BANANAS,4982,2,4981.0,27.0,,,4988,29,,,,,4985.0,1912.0
688,-2,34400,BANANAS,4981,31,,,,,4988,31,,,,,4984.5,1957.875
690,-2,34500,BANANAS,4981,25,,,,,4986,5,4988.0,25.0,,,4983.5,1939.25
692,-2,34600,BANANAS,4984,6,4981.0,28.0,,,4986,3,4988.0,28.0,,,4985.0,1883.0
694,-2,34700,BANANAS,4982,2,4981.0,29.0,,,4988,31,,,,,4985.0,1876.375
696,-2,34800,BANANAS,4981,23,,,,,4988,23,,,,,4984.5,1949.5
698,-2,34900,BANANAS,4981,26,,,,,4988,27,,,,,4984.5,1997.25
700,-2,35000,BANANAS,4982,10,4981.0,21.0,,,4988,21,,,,,4985.0,1915.625
702,-2,35100,BANANAS,4982,5,4981.0,22.0,,,4988,24,,,,,4985.0,1916.375
704,-2,35200,BANANAS,4981,26,,,,,4986,5,4988.0,26.0,,,4983.5,2072.375
706,-2,35300,BANANAS,4981,20,,,,,4988,21,,,,,4984.5,1991.0
708,-2,35400,BANANAS,4981,22,,,,,4986,2,4988.0,22.0,,,4983.5,1952.5
710,-2,35500,BANANAS,4986,1,4982.0,1.0,4981.0,22.0,4988,23,,,,,4987.0,1871.5
712,-2,35600,BANANAS,4981,27,,,,,4988,27,,,,,4984.5,1903.0
714,-2,35700,BANANAS,4982,24,,,,,4988,1,4989.0,24.0,,,4985.0,1823.125
717,-2,35800,BANANAS,4981,27,,,,,4982,1,4988.0,27.0,,,4981.5,1884.5
719,-2,35900,BANANAS,4982,1,4981.0,22.0,,,4986,4,4988.0,23.0,,,4984.0,1828.25
721,-2,36000,BANANAS,4984,6,4981.0,28.0,,,4988,28,,,,,4986.0,1876.875
723,-2,36100,BANANAS,4982,29,,,,,4988,29,,,,,4985.0,1810.375
725,-2,36200,BANANAS,4983,3,4982.0,30.0,,,4989,30,,,,,4986.0,1711.25
727,-2,36300,BANANAS,4982,25,,,,,4989,25,,,,,4985.5,1784.125
729,-2,36400,BANANAS,4982,31,,,,,4987,3,4988.0,1.0,4989.0,30.0,4984.5,1793.25
731,-2,36500,BANANAS,4982,24,,,,,4989,24,,,,,4985.5,1789.625
732,-2,36600,BANANAS,4982,29,,,,,4989,29,,,,,4985.5,1671.75
735,-2,36700,BANANAS,4983,2,4982.0,30.0,,,4989,32,,,,,4986.0,1601.375
736,-2,36800,BANANAS,4982,23,,,,,4989,24,,,,,4985.5,1719.25
739,-2,36900,BANANAS,4982,23,,,,,4989,23,,,,,4985.5,1673.875
740,-2,37000,BANANAS,4983,4,4982.0,26.0,,,4989,28,,,,,4986.0,1599.75
743,-2,37100,BANANAS,4983,20,,,,,4985,5,4990.0,20.0,,,4984.0,1388.125
744,-2,37200,BANANAS,4983,29,,,,,4989,2,4990.0,27.0,,,4986.0,1555.75
747,-2,37300,BANANAS,4983,1,4982.0,21.0,,,4989,23,,,,,4986.0,1606.625
748,-2,37400,BANANAS,4983,30,,,,,4984,2,4990.0,30.0,,,4983.5,1473.375
751,-2,37500,BANANAS,4983,5,4982.0,22.0,,,4989,23,,,,,4986.0,1605.625
752,-2,37600,BANANAS,4982,23,,,,,4989,23,,,,,4985.5,1726.875
755,-2,37700,BANANAS,4982,21,,,,,4984,5,4989.0,21.0,,,4983.0,1674.875
756,-2,37800,BANANAS,4983,11,4982.0,20.0,,,4989,22,,,,,4986.0,1572.375
759,-2,37900,BANANAS,4982,24,,,,,4985,1,4989.0,24.0,,,4983.5,1640.125
761,-2,38000,BANANAS,4983,2,4982.0,25.0,,,4989,25,,,,,4986.0,1585.75
763,-2,38100,BANANAS,4983,1,4982.0,26.0,,,4989,27,,,,,4986.0,1574.125
765,-2,38200,BANANAS,4983,22,,,,,4990,22,,,,,4986.5,1421.0
767,-2,38300,BANANAS,4988,5,4983.0,22.0,,,4990,22,,,,,4989.0,1421.375
769,-2,38400,BANANAS,4984,2,4983.0,24.0,,,4990,26,,,,,4987.0,1361.75
771,-2,38500,BANANAS,4989,1,4984.0,2.0,4983.0,21.0,4990,21,,,,,4989.5,1457.75
773,-2,38600,BANANAS,4983,29,,,,,4990,29,,,,,4986.5,1480.0
774,-2,38700,BANANAS,4983,32,,,,,4984,11,4990.0,32.0,,,4983.5,1490.625
776,-2,38800,BANANAS,4984,2,4983.0,22.0,,,4990,24,,,,,4987.0,1369.5
778,-2,38900,BANANAS,4984,20,,,,,4989,8,4991.0,21.0,,,4986.5,1304.875
780,-2,39000,BANANAS,4984,2,4983.0,28.0,,,4990,30,,,,,4987.0,1379.875
782,-2,39100,BANANAS,4984,25,,,,,4989,5,4991.0,25.0,,,4986.5,1306.5
784,-2,39200,BANANAS,4984,22,,,,,4991,22,,,,,4987.5,1223.875
786,-2,39300,BANANAS,4984,29,,,,,4991,29,,,,,4987.5,1236.0
788,-2,39400,BANANAS,4984,25,,,,,4990,2,4991.0,24.0,,,4987.0,1257.5
790,-2,39500,BANANAS,4989,1,4984.0,31.0,,,4990,2,4991.0,29.0,,,4989.5,1278.75
792,-2,39600,BANANAS,4987,5,4983.0,28.0,,,4990,28,,,,,4988.5,1465.375
794,-2,39700,BANANAS,4983,23,,,,,4990,23,,,,,4986.5,1445.0
796,-2,39800,BANANAS,4983,24,,,,,4990,24,,,,,4986.5,1419.75
798,-2,39900,BANANAS,4983,23,,,,,4990,23,,,,,4986.5,1514.125
800,-2,40000,BANANAS,4983,27,,,,,4990,27,,,,,4986.5,1433.5
802,-2,40100,BANANAS,4983,27,,,,,4989,1,4990.0,26.0,,,4986.0,1583.25
805,-2,40200,BANANAS,4983,2,4982.0,27.0,,,4989,29,,,,,4986.0,1643.5
807,-2,40300,BANANAS,4983,9,4982.0,28.0,,,4989,28,,,,,4986.0,1695.5
809,-2,40400,BANANAS,4983,30,,,,,4990,30,,,,,4986.5,1479.25
811,-2,40500,BANANAS,4982,29,,,,,4983,6,4989.0,30.0,,,4982.5,1650.75
813,-2,40600,BANANAS,4983,28,,,,,4990,29,,,,,4986.5,1586.5
815,-2,40700,BANANAS,4983,24,,,,,4990,24,,,,,4986.5,1483.375
817,-2,40800,BANANAS,4983,24,,,,,4990,24,,,,,4986.5,1442.125
818,-2,40900,BANANAS,4984,23,,,,,4991,23,,,,,4987.5,1312.75
821,-2,41000,BANANAS,4983,24,,,,,4990,24,,,,,4986.5,1423.0
823,-2,41100,BANANAS,4982,26,,,,,4983,1,4989.0,26.0,,,4982.5,1673.25
824,-2,41200,BANANAS,4983,25,,,,,4990,25,,,,,4986.5,1586.375
826,-2,41300,BANANAS,4987,2,4982.0,30.0,,,4989,30,,,,,4988.0,1718.125
829,-2,41400,BANANAS,4982,31,,,,,4989,31,,,,,4985.5,1754.375
831,-2,41500,BANANAS,4982,2,4981.0,21.0,,,4988,23,,,,,4985.0,1884.25
832,-2,41600,BANANAS,4982,23,,,,,4989,23,,,,,4985.5,1768.75
834,-2,41700,BANANAS,4982,29,,,,,4989,29,,,,,4985.5,1670.0
837,-2,41800,BANANAS,4983,9,4982.0,31.0,,,4989,31,,,,,4986.0,1749.75
839,-2,41900,BANANAS,4982,30,,,,,4983,10,4987.0,4.0,4989.0,30.0,4982.5,1650.25
840,-2,42000,BANANAS,4982,20,,,,,4989,20,,,,,4985.5,1637.0
842,-2,42100,BANANAS,4983,1,4982.0,20.0,,,4987,6,4989.0,21.0,,,4985.0,1652.75
845,-2,42200,BANANAS,4983,10,4982.0,20.0,,,4989,22,,,,,4986.0,1646.5
847,-2,42300,BANANAS,4982,24,,,,,4987,8,4989.0,24.0,,,4984.5,1669.125
849,-2,42400,BANANAS,4983,2,4982.0,25.0,,,4989,27,,,,,4986.0,1608.75
851,-2,42500,BANANAS,4983,24,,,,,4988,8,4989.0,2.0,4990.0,22.0,4985.5,1573.75
853,-2,42600,BANANAS,4982,24,,,,,4987,3,4989.0,24.0,,,4984.5,1613.5
855,-2,42700,BANANAS,4983,24,,,,,4990,24,,,,,4986.5,1499.875
857,-2,42800,BANANAS,4983,27,,,,,4989,2,4990.0,25.0,,,4986.0,1569.25
859,-2,42900,BANANAS,4983,28,,,,,4988,4,4989.0,2.0,4990.0,26.0,4985.5,1537.125
861,-2,43000,BANANAS,4983,21,,,,,4990,21,,,,,4986.5,1491.25
863,-2,43100,BANANAS,4983,21,,,,,4990,21,,,,,4986.5,1323.375
864,-2,43200,BANANAS,4984,1,4983.0,28.0,,,4990,29,,,,,4987.0,1387.5
866,-2,43300,BANANAS,4984,25,,,,,4991,25,,,,,4987.5,1188.25
868,-2,43400,BANANAS,4984,28,,,,,4991,28,,,,,4987.5,1168.25
870,-2,43500,BANANAS,4984,23,,,,,4991,24,,,,,4987.5,1187.25
872,-2,43600,BANANAS,4984,22,,,,,4989,8,4990.0,2.0,4991.0,20.0,4986.5,1264.75
874,-2,43700,BANANAS,4989,1,4985.0,8.0,4984.0,30.0,4991,30,,,,,4990.0,1197.625
876,-2,43800,BANANAS,4984,29,,,,,4991,29,,,,,4987.5,1192.25
878,-2,43900,BANANAS,4984,6,4983.0,22.0,,,4990,24,,,,,4987.0,1316.25
880,-2,44000,BANANAS,4983,30,,,,,4990,30,,,,,4986.5,1453.25
882,-2,44100,BANANAS,4983,30,,,,,4990,30,,,,,4986.5,1518.0
884,-2,44200,BANANAS,4983,27,,,,,4989,1,4990.0,26.0,,,4986.0,1596.75
886,-2,44300,BANANAS,4984,6,4983.0,28.0,,,4990,28,,,,,4987.0,1470.375
888,-2,44400,BANANAS,4985,3,4984.0,23.0,,,4990,2,4991.0,21.0,,,4987.5,1311.0
890,-2,44500,BANANAS,4984,29,,,,,4991,29,,,,,4987.5,1210.5
892,-2,44600,BANANAS,4984,26,,,,,4991,26,,,,,4987.5,1169.125
895,-2,44700,BANANAS,4989,1,4985.0,4.0,4984.0,28.0,4991,28,,,,,4990.0,1219.25
897,-2,44800,BANANAS,4984,24,,,,,4991,24,,,,,4987.5,1214.75
899,-2,44900,BANANAS,4984,30,,,,,4991,30,,,,,4987.5,1111.875
901,-2,45000,BANANAS,4985,25,,,,,4986,1,4992.0,25.0,,,4985.5,863.875
903,-2,45100,BANANAS,4986,1,4985.0,25.0,,,4992,26,,,,,4989.0,757.875
905,-2,45200,BANANAS,4985,24,,,,,4992,24,,,,,4988.5,788.0
907,-2,45300,BANANAS,4986,1,4985.0,29.0,,,4992,30,,,,,4989.0,783.875
908,-2,45400,BANANAS,4985,25,,,,,4992,25,,,,,4988.5,840.375
911,-2,45500,BANANAS,4990,1,4985.0,29.0,,,4992,29,,,,,4991.0,932.125
912,-2,45600,BANANAS,4985,27,,,,,4990,8,4992.0,27.0,,,4987.5,953.75
915,-2,45700,BANANAS,4985,22,,,,,4992,22,,,,,4988.5,944.625
916,-2,45800,BANANAS,4986,21,,,,,4987,1,4992.0,1.0,4993.0,20.0,4986.5,724.5
919,-2,45900,BANANAS,4991,4,4986.0,28.0,,,4992,2,4993.0,26.0,,,4991.5,731.875
920,-2,46000,BANANAS,4986,26,,,,,4993,26,,,,,4989.5,569.75
923,-2,46100,BANANAS,4987,24,,,,,4994,24,,,,,4990.5,348.75
924,-2,46200,BANANAS,4988,3,4987.0,20.0,,,4994,20,,,,,4991.0,339.0
927,-2,46300,BANANAS,4987,23,,,,,4992,1,4994.0,23.0,,,4989.5,137.875
928,-2,46400,BANANAS,4988,26,,,,,4995,26,,,,,4991.5,44.375
931,-2,46500,BANANAS,4988,26,,,,,4994,2,4995.0,24.0,,,4991.0,97.0
932,-2,46600,BANANAS,4988,22,,,,,4994,1,4995.0,21.0,,,4991.0,64.0
935,-2,46700,BANANAS,4989,10,4988.0,27.0,,,4995,27,,,,,4992.0,61.375
936,-2,46800,BANANAS,4988,30,,,,,4994,1,4995.0,30.0,,,4991.0,87.75
939,-2,46900,BANANAS,4988,31,,,,,4994,1,4995.0,30.0,,,4991.0,106.875
941,-2,47000,BANANAS,4988,29,,,,,4995,29,,,,,4991.5,89.0
943,-2,47100,BANANAS,4988,28,,,,,4993,10,4995.0,28.0,,,4990.5,34.125
945,-2,47200,BANANAS,4988,1,4987.0,25.0,,,4994,26,,,,,4991.0,148.625
947,-2,47300,BANANAS,4987,29,,,,,4988,5,4994.0,31.0,,,4987.5,144.25
949,-2,47400,BANANAS,4987,28,,,,,4992,7,4994.0,29.0,,,4989.5,336.25
951,-2,47500,BANANAS,4992,1,4987.0,27.0,,,4994,27,,,,,4993.0,303.0
952,-2,47600,BANANAS,4987,27,,,,,4994,27,,,,,4990.5,223.125
954,-2,47700,BANANAS,4987,24,,,,,4988,1,4992.0,8.0,4994.0,24.0,4987.5,202.375
956,-2,47800,BANANAS,4987,25,,,,,4994,25,,,,,4990.5,163.0
958,-2,47900,BANANAS,4988,26,,,,,4994,2,4995.0,24.0,,,4991.0,87.25
960,-2,48000,BANANAS,4987,28,,,,,4989,5,4994.0,28.0,,,4988.0,173.125
962,-2,48100,BANANAS,4987,24,,,,,4994,24,,,,,4990.5,204.375
964,-2,48200,BANANAS,4988,9,4987.0,24.0,,,4990,5,4994.0,25.0,,,4989.0,138.75
966,-2,48300,BANANAS,4991,6,4988.0,26.0,,,4995,26,,,,,4993.0,3.375
968,-2,48400,BANANAS,4988,30,,,,,4995,30,,,,,4991.5,-48.5
970,-2,48500,BANANAS,4989,25,,,,,4996,25,,,,,4992.5,-383.25
972,-2,48600,BANANAS,4990,2,4989.0,24.0,,,4992,3,4996.0,24.0,,,4991.0,-374.5
974,-2,48700,BANANAS,4989,21,,,,,4990,1,4996.0,21.0,,,4989.5,-506.75
976,-2,48800,BANANAS,4991,9,4990.0,25.0,,,4997,25,,,,,4994.0,-673.875
978,-2,48900,BANANAS,4990,27,,,,,4997,28,,,,,4993.5,-659.125
980,-2,49000,BANANAS,4990,1,4989.0,20.0,,,4996,21,,,,,4993.0,-550.25
983,-2,49100,BANANAS,4989,28,,,,,4996,28,,,,,4992.5,-393.25
985,-2,49200,BANANAS,4990,7,4989.0,29.0,,,4991,3,4996.0,29.0,,,4990.5,-414.375
987,-2,49300,BANANAS,4990,8,4989.0,22.0,,,4996,22,,,,,4993.0,-561.25
989,-2,49400,BANANAS,4990,20,,,,,4997,21,,,,,4993.5,-597.25
991,-2,49500,BANANAS,4995,1,4990.0,30.0,,,4996,1,4997.0,29.0,,,4995.5,-620.0
993,-2,49600,BANANAS,4990,30,,,,,4995,2,4996.0,1.0,4997.0,29.0,4992.5,-569.25
995,-2,49700,BANANAS,4990,27,,,,,4997,27,,,,,4993.5,-643.625
996,-2,49800,BANANAS,4989,26,,,,,4996,26,,,,,4992.5,-363.5
998,-2,49900,BANANAS,4989,21,,,,,4996,22,,,,,4992.5,-397.875
1001,-2,50000,BANANAS,4989,28,,,,,4996,28,,,,,4992.5,-401.375
1003,-2,50100,BANANAS,4988,30,,,,,4995,30,,,,,4991.5,-216.875
1004,-2,50200,BANANAS,4990,2,4989.0,29.0,,,4996,31,,,,,4993.0,-509.125
1006,-2,50300,BANANAS,4989,20,,,,,4995,1,4996.0,20.0,,,4992.0,-327.875
1009,-2,50400,BANANAS,4989,2,4988.0,21.0,,,4995,23,,,,,4992.0,-181.875
1011,-2,50500,BANANAS,4989,9,4988.0,28.0,,,4995,28,,,,,4992.0,-23.875
1012,-2,50600,BANANAS,4988,22,,,,,4995,22,,,,,4991.5,-174.75
1014,-2,50700,BANANAS,4988,27,,,,,4995,27,,,,,4991.5,-53.625
1017,-2,50800,BANANAS,4989,10,4988.0,30.0,,,4995,30,,,,,4992.0,-144.25
1019,-2,50900,BANANAS,4989,2,4988.0,24.0,,,4993,1,4995.0,26.0,,,4991.0,-223.75
1020,-2,51000,BANANAS,4989,26,,,,,4994,8,4995.0,2.0,4996.0,25.0,4991.5,-261.875
1022,-2,51100,BANANAS,4988,31,,,,,4993,3,4995.0,31.0,,,4990.5,-83.375
1025,-2,51200,BANANAS,4989,6,4988.0,29.0,,,4995,29,,,,,4992.0,0.5
1027,-2,51300,BANANAS,4994,1,4988.0,26.0,,,4995,26,,,,,4994.5,-227.5
1029,-2,51400,BANANAS,4988,22,,,,,4995,22,,,,,4991.5,-48.625
1031,-2,51500,BANANAS,4988,31,,,,,4994,2,4995.0,29.0,,,4991.0,65.5
1033,-2,51600,BANANAS,4991,2,4988.0,32.0,,,4993,1,4994.0,2.0,4995.0,30.0,4992.0,48.625
1035,-2,51700,BANANAS,4989,3,4988.0,21.0,,,4995,21,,,,,4992.0,-64.25
1037,-2,51800,BANANAS,4988,22,,,,,4995,22,,,,,4991.5,-99.625
1039,-2,51900,BANANAS,4988,24,,,,,4993,2,4995.0,24.0,,,4990.5,-205.125
1040,-2,52000,BANANAS,4988,23,,,,,4995,23,,,,,4991.5,-52.875
1042,-2,52100,BANANAS,4988,24,,,,,4995,24,,,,,4991.5,-187.125
1044,-2,52200,BANANAS,4989,1,4988.0,24.0,,,4991,3,4993.0,3.0,4995.0,26.0,4990.0,-270.75
1046,-2,52300,BANANAS,4988,28,,,,,4995,29,,,,,4991.5,-46.0
1048,-2,52400,BANANAS,4989,1,4988.0,20.0,,,4995,21,,,,,4992.0,-266.25
1050,-2,52500,BANANAS,4990,1,4989.0,30.0,,,4996,31,,,,,4993.0,-594.25
1052,-2,52600,BANANAS,4989,25,,,,,4996,25,,,,,4992.5,-483.875
1054,-2,52700,BANANAS,4989,21,,,,,4996,21,,,,,4992.5,-491.625
1056,-2,52800,BANANAS,4990,22,,,,,4997,22,,,,,4993.5,-691.375
1058,-2,52900,BANANAS,4989,25,,,,,4996,25,,,,,4992.5,-478.875
1060,-2,53000,BANANAS,4989,4,4988.0,22.0,,,4995,22,,,,,4992.0,-193.75
1062,-2,53100,BANANAS,4988,23,,,,,4994,1,4995.0,22.0,,,4991.0,-7.875
1064,-2,53200,BANANAS,4988,2,4987.0,26.0,,,4994,28,,,,,4991.0,73.75
1066,-2,53300,BANANAS,4987,25,,,,,4992,8,4994.0,25.0,,,4989.5,156.75
1068,-2,53400,BANANAS,4988,1,4987.0,27.0,,,4994,28,,,,,4991.0,70.0
1071,-2,53500,BANANAS,4988,21,,,,,4993,2,4995.0,21.0,,,4990.5,63.25
1073,-2,53600,BANANAS,4988,2,4987.0,27.0,,,4994,27,,,,,4991.0,247.5
1075,-2,53700,BANANAS,4988,2,4987.0,21.0,,,4989,2,4994.0,23.0,,,4988.5,112.875
1077,-2,53800,BANANAS,4988,25,,,,,4995,25,,,,,4991.5,-181.75
1079,-2,53900,BANANAS,4989,31,,,,,4994,10,4995.0,1.0,4996.0,30.0,4991.5,-367.625
1081,-2,54000,BANANAS,4990,3,4989.0,31.0,,,4996,31,,,,,4993.0,-521.5
1083,-2,54100,BANANAS,4990,10,4989.0,27.0,,,4996,27,,,,,4993.0,-524.25
1085,-2,54200,BANANAS,4990,2,4989.0,28.0,,,4996,30,,,,,4993.0,-677.0
1087,-2,54300,BANANAS,4989,24,,,,,4996,24,,,,,4992.5,-526.375
1088,-2,54400,BANANAS,4989,30,,,,,4996,30,,,,,4992.5,-643.0
1091,-2,54500,BANANAS,4989,24,,,,,4996,24,,,,,4992.5,-629.0
1092,-2,54600,BANANAS,4990,24,,,,,4991,3,4996.0,1.0,4997.0,24.0,4990.5,-807.75
1095,-2,54700,BANANAS,4995,1,4990.0,25.0,,,4997,25,,,,,4996.0,-887.125
1096,-2,54800,BANANAS,4990,2,4989.0,29.0,,,4994,5,4996.0,31.0,,,4992.0,-713.25
1099,-2,54900,BANANAS,4990,1,4989.0,24.0,,,4994,4,4996.0,25.0,,,4992.0,-733.25
1100,-2,55000,BANANAS,4991,4,4990.0,24.0,,,4997,24,,,,,4994.0,-924.875
1103,-2,55100,BANANAS,4989,21,,,,,4996,21,,,,,4992.5,-746.625
1104,-2,55200,BANANAS,4995,1,4989.0,21.0,,,4996,21,,,,,4995.5,-658.25
1107,-2,55300,BANANAS,4989,29,,,,,4996,29,,,,,4992.5,-534.25
1108,-2,55400,BANANAS,4991,6,4989.0,1.0,4988.0,27.0,4995,28,,,,,4993.0,-297.75
1111,-2,55500,BANANAS,4989,31,,,,,4995,2,4996.0,29.0,,,4992.0,-449.125
1112,-2,55600,BANANAS,4989,29,,,,,4990,1,4996.0,29.0,,,4989.5,-655.875
1115,-2,55700,BANANAS,4990,21,,,,,4997,21,,,,,4993.5,-781.875
1117,-2,55800,BANANAS,4990,22,,,,,4996,2,4997.0,20.0,,,4993.0,-819.875
1119,-2,55900,BANANAS,4990,27,,,,,4996,1,4997.0,26.0,,,4993.0,-811.375
1121,-2,56000,BANANAS,4990,29,,,,,4997,29,,,,,4993.5,-848.875
1123,-2,56100,BANANAS,4990,1,4989.0,22.0,,,4996,23,,,,,4993.0,-733.125
1125,-2,56200,BANANAS,4990,23,,,,,4997,23,,,,,4993.5,-871.125
1127,-2,56300,BANANAS,4990,31,,,,,4991,1,4995.0,4.0,4997.0,31.0,4990.5,-1036.5
1129,-2,56400,BANANAS,4991,25,,,,,4997,1,4998.0,24.0,,,4994.0,-1183.75
1130,-2,56500,BANANAS,4995,11,4991.0,12.0,4990.0,20.0,4997,22,,,,,4996.0,-1102.25
1132,-2,56600,BANANAS,4991,2,4990.0,26.0,,,4997,28,,,,,4994.0,-1102.125
1134,-2,56700,BANANAS,4991,2,4990.0,20.0,,,4997,22,,,,,4994.0,-1074.75
1136,-2,56800,BANANAS,4992,4,4991.0,25.0,,,4998,25,,,,,4995.0,-1387.375
1138,-2,56900,BANANAS,4991,21,,,,,4998,21,,,,,4994.5,-1416.875
1140,-2,57000,BANANAS,4991,2,4990.0,30.0,,,4997,32,,,,,4994.0,-1105.0
1142,-2,57100,BANANAS,4991,24,,,,,4998,24,,,,,4994.5,-1167.625
1144,-2,57200,BANANAS,4991,24,,,,,4998,24,,,,,4994.5,-1479.625
1146,-2,57300,BANANAS,4992,21,,,,,4999,21,,,,,4995.5,-1593.0
1148,-2,57400,BANANAS,4992,25,,,,,4997,3,4999.0,25.0,,,4994.5,-1737.0
1150,-2,57500,BANANAS,4992,25,,,,,4999,25,,,,,4995.5,-1742.75
1152,-2,57600,BANANAS,4991,32,,,,,4998,32,,,,,4994.5,-1414.25
1154,-2,57700,BANANAS,4991,1,4990.0,25.0,,,4997,26,,,,,4994.0,-1112.875
1156,-2,57800,BANANAS,4990,28,,,,,4997,29,,,,,4993.5,-911.0
1158,-2,57900,BANANAS,4993,1,4990.0,30.0,,,4997,30,,,,,4995.0,-889.5
1161,-2,58000,BANANAS,4990,23,,,,,4991,2,4997.0,23.0,,,4990.5,-943.5
1163,-2,58100,BANANAS,4991,6,4990.0,28.0,,,4997,28,,,,,4994.0,-1058.75
1165,-2,58200,BANANAS,4991,9,4990.0,26.0,,,4997,26,,,,,4994.0,-1001.5
1167,-2,58300,BANANAS,4996,1,4990.0,22.0,,,4997,22,,,,,4996.5,-1161.25
1169,-2,58400,BANANAS,4991,1,4990.0,28.0,,,4997,29,,,,,4994.0,-1114.0
1171,-2,58500,BANANAS,4991,1,4990.0,23.0,,,4997,23,,,,,4994.0,-995.75
1173,-2,58600,BANANAS,4990,29,,,,,4995,10,4997.0,29.0,,,4992.5,-1138.25
1175,-2,58700,BANANAS,4990,30,,,,,4997,30,,,,,4993.5,-970.25
1176,-2,58800,BANANAS,4989,21,,,,,4994,10,4996.0,22.0,,,4991.5,-505.5
1178,-2,58900,BANANAS,4989,26,,,,,4995,1,4996.0,25.0,,,4992.0,-322.75
1181,-2,59000,BANANAS,4989,22,,,,,4996,22,,,,,4992.5,-338.75
1183,-2,59100,BANANAS,4988,2,4987.0,26.0,,,4994,28,,,,,4991.0,191.0
1184,-2,59200,BANANAS,4987,24,,,,,4994,24,,,,,4990.5,252.75
1186,-2,59300,BANANAS,4987,24,,,,,4994,24,,,,,4990.5,310.0
1189,-2,59400,BANANAS,4987,29,,,,,4993,2,4994.0,27.0,,,4990.0,555.5
1191,-2,59500,BANANAS,4986,26,,,,,4993,26,,,,,4989.5,810.5
1192,-2,59600,BANANAS,4987,4,4986.0,28.0,,,4992,1,4993.0,27.0,,,4989.5,890.25
1194,-2,59700,BANANAS,4986,21,,,,,4991,6,4992.0,1.0,4993.0,20.0,4988.5,984.5
1197,-2,59800,BANANAS,4986,24,,,,,4993,24,,,,,4989.5,768.5
1199,-2,59900,BANANAS,4986,23,,,,,4987,1,4993.0,23.0,,,4986.5,704.25
1200,-2,60000,BANANAS,4991,1,4986.0,26.0,,,4993,26,,,,,4992.0,976.25
1202,-2,60100,BANANAS,4985,24,,,,,4992,24,,,,,4988.5,1125.5
1205,-2,60200,BANANAS,4988,1,4986.0,1.0,4985.0,23.0,4992,24,,,,,4990.0,1004.5
1207,-2,60300,BANANAS,4991,13,4986.0,28.0,,,4993,28,,,,,4992.0,675.0
1209,-2,60400,BANANAS,4987,2,4986.0,20.0,,,4993,22,,,,,4990.0,623.0
1211,-2,60500,BANANAS,4987,30,,,,,4993,1,4994.0,29.0,,,4990.0,568.0
1213,-2,60600,BANANAS,4987,26,,,,,4994,27,,,,,4990.5,234.25
1215,-2,60700,BANANAS,4990,3,4987.0,27.0,,,4994,27,,,,,4992.0,238.75
1217,-2,60800,BANANAS,4987,21,,,,,4992,6,4994.0,21.0,,,4989.5,294.0
1218,-2,60900,BANANAS,4987,22,,,,,4993,1,4994.0,21.0,,,4990.0,540.75
1220,-2,61000,BANANAS,4986,22,,,,,4993,22,,,,,4989.5,633.0
1222,-2,61100,BANANAS,4987,29,,,,,4994,29,,,,,4990.5,242.5
1224,-2,61200,BANANAS,4987,30,,,,,4992,4,4993.0,1.0,4994.0,29.0,4989.5,505.75
1226,-2,61300,BANANAS,4992,1,4987.0,27.0,,,4993,2,4994.0,25.0,,,4992.5,504.0
1228,-2,61400,BANANAS,4991,7,4986.0,29.0,,,4993,29,,,,,4992.0,760.5
1230,-2,61500,BANANAS,4986,21,,,,,4993,21,,,,,4989.5,737.75
1232,-2,61600,BANANAS,4986,27,,,,,4988,1,4991.0,2.0,4993.0,27.0,4987.0,578.0
1234,-2,61700,BANANAS,4986,30,,,,,4993,30,,,,,4989.5,622.25
1236,-2,61800,BANANAS,4988,7,4987.0,26.0,,,4993,1,4994.0,25.0,,,4990.5,490.75
1238,-2,61900,BANANAS,4987,22,,,,,4994,22,,,,,4990.5,360.75
1240,-2,62000,BANANAS,4987,21,,,,,4994,21,,,,,4990.5,280.5
1242,-2,62100,BANANAS,4988,22,,,,,4995,22,,,,,4991.5,-28.75
1244,-2,62200,BANANAS,4988,29,,,,,4995,29,,,,,4991.5,-169.25
1246,-2,62300,BANANAS,4988,25,,,,,4995,25,,,,,4991.5,-113.75
1249,-2,62400,BANANAS,4988,26,,,,,4989,5,4994.0,2.0,4995.0,24.0,4988.5,13.25
1251,-2,62500,BANANAS,4992,3,4988.0,2.0,4987.0,26.0,4994,28,,,,,4993.0,159.25
1253,-2,62600,BANANAS,4988,28,,,,,4993,10,4994.0,2.0,4995.0,27.0,4990.5,71.75
1255,-2,62700,BANANAS,4988,2,4987.0,23.0,,,4994,25,,,,,4991.0,132.25
1257,-2,62800,BANANAS,4989,23,,,,,4995,1,4996.0,22.0,,,4992.0,-373.25
1259,-2,62900,BANANAS,4990,1,4989.0,28.0,,,4994,10,4996.0,29.0,,,4992.0,-714.5
1261,-2,63000,BANANAS,4989,23,,,,,4996,23,,,,,4992.5,-717.5
1263,-2,63100,BANANAS,4989,24,,,,,4996,24,,,,,4992.5,-654.0
1264,-2,63200,BANANAS,4991,6,4990.0,28.0,,,4993,9,4996.0,2.0,4997.0,26.0,4992.0,-977.5
1267,-2,63300,BANANAS,4989,23,,,,,4996,23,,,,,4992.5,-617.5
1268,-2,63400,BANANAS,4989,22,,,,,4994,5,4996.0,22.0,,,4991.5,-523.25
1271,-2,63500,BANANAS,4989,22,,,,,4996,22,,,,,4992.5,-706.25
1272,-2,63600,BANANAS,4989,22,,,,,4996,22,,,,,4992.5,-529.75
1275,-2,63700,BANANAS,4989,31,,,,,4995,1,4996.0,30.0,,,4992.0,-437.5
1276,-2,63800,BANANAS,4989,1,4988.0,20.0,,,4995,21,,,,,4992.0,-369.25
1279,-2,63900,BANANAS,4990,8,4989.0,27.0,,,4995,2,4996.0,25.0,,,4992.5,-496.5
1280,-2,64000,BANANAS,4990,7,4989.0,29.0,,,4996,29,,,,,4993.0,-522.5
1283,-2,64100,BANANAS,4990,10,4989.0,32.0,,,4996,32,,,,,4993.0,-599.75
1284,-2,64200,BANANAS,4989,22,,,,,4996,22,,,,,4992.5,-714.25
1287,-2,64300,BANANAS,4992,2,4990.0,8.0,4989.0,29.0,4996,29,,,,,4994.0,-727.0
1288,-2,64400,BANANAS,4990,24,,,,,4995,7,4997.0,24.0,,,4992.5,-942.0
1291,-2,64500,BANANAS,4989,26,,,,,4994,1,4996.0,26.0,,,4991.5,-800.25
1293,-2,64600,BANANAS,4994,1,4989.0,25.0,,,4996,25,,,,,4995.0,-518.0
1295,-2,64700,BANANAS,4989,10,4988.0,29.0,,,4995,29,,,,,4992.0,-172.0
1297,-2,64800,BANANAS,4988,2,4987.0,25.0,,,4994,27,,,,,4991.0,143.5
1299,-2,64900,BANANAS,4988,6,4987.0,29.0,,,4994,29,,,,,4991.0,251.0
1301,-2,65000,BANANAS,4988,22,,,,,4994,1,4995.0,21.0,,,4991.0,51.0
1303,-2,65100,BANANAS,4988,26,,,,,4993,6,4995.0,26.0,,,4990.5,17.5
1305,-2,65200,BANANAS,4988,2,4987.0,29.0,,,4994,31,,,,,4991.0,134.25
1307,-2,65300,BANANAS,4987,23,,,,,4994,23,,,,,4990.5,342.75
1308,-2,65400,BANANAS,4990,4,4987.0,20.0,,,4994,20,,,,,4992.0,442.75
1310,-2,65500,BANANAS,4987,22,,,,,4993,1,4994.0,21.0,,,4990.0,521.75
1312,-2,65600,BANANAS,4986,30,,,,,4993,30,,,,,4989.5,632.25
1314,-2,65700,BANANAS,4986,26,,,,,4993,26,,,,,4989.5,908.25
1316,-2,65800,BANANAS,4986,30,,,,,4987,8,4992.0,2.0,4993.0,28.0,4986.5,1001.5
1318,-2,65900,BANANAS,4986,25,,,,,4993,25,,,,,4989.5,799.75
1320,-2,66000,BANANAS,4986,8,4985.0,28.0,,,4992,28,,,,,4989.0,1225.75
1322,-2,66100,BANANAS,4985,25,,,,,4992,25,,,,,4988.5,1273.0
1324,-2,66200,BANANAS,4984,24,,,,,4991,24,,,,,4987.5,1688.5
1326,-2,66300,BANANAS,4985,2,4984.0,26.0,,,4991,27,,,,,4988.0,1652.75
1328,-2,66400,BANANAS,4984,25,,,,,4989,9,4991.0,25.0,,,4986.5,1799.5
1330,-2,66500,BANANAS,4984,7,4983.0,24.0,,,4990,24,,,,,4987.0,2207.5
1332,-2,66600,BANANAS,4984,8,4983.0,30.0,,,4990,31,,,,,4987.0,2188.25
1334,-2,66700,BANANAS,4984,21,,,,,4991,21,,,,,4987.5,1833.25
1336,-2,66800,BANANAS,4984,29,,,,,4991,29,,,,,4987.5,1812.5
1339,-2,66900,BANANAS,4985,1,4984.0,29.0,,,4991,30,,,,,4988.0,1585.75
1341,-2,67000,BANANAS,4984,21,,,,,4991,22,,,,,4987.5,1597.0
1343,-2,67100,BANANAS,4984,29,,,,,4989,3,4991.0,29.0,,,4986.5,2020.25
1345,-2,67200,BANANAS,4984,24,,,,,4989,7,4991.0,24.0,,,4986.5,1926.25
1347,-2,67300,BANANAS,4984,26,,,,,4991,26,,,,,4987.5,2008.75
1349,-2,67400,BANANAS,4983,27,,,,,4990,27,,,,,4986.5,2296.25
1351,-2,67500,BANANAS,4984,2,4983.0,27.0,,,4988,8,4990.0,29.0,,,4986.0,2134.75
1353,-2,67600,BANANAS,4984,2,4983.0,30.0,,,4990,32,,,,,4987.0,2055.0
1355,-2,67700,BANANAS,4983,29,,,,,4990,29,,,,,4986.5,2160.5
1356,-2,67800,BANANAS,4984,23,,,,,4990,2,4991.0,21.0,,,4987.0,1987.25
1358,-2,67900,BANANAS,4984,11,4983.0,30.0,,,4986,1,4990.0,32.0,,,4985.0,2162.25
1361,-2,68000,BANANAS,4988,10,4984.0,25.0,,,4990,25,,,,,4989.0,2023.75
1363,-2,68100,BANANAS,4983,29,,,,,4988,3,4990.0,29.0,,,4985.5,2214.0
1364,-2,68200,BANANAS,4989,1,4984.0,7.0,4983.0,20.0,4990,20,,,,,4989.5,2106.5
1366,-2,68300,BANANAS,4983,20,,,,,4990,21,,,,,4986.5,2328.25
1369,-2,68400,BANANAS,4984,27,,,,,4990,27,,,,,4987.0,2027.0
1371,-2,68500,BANANAS,4984,25,,,,,4990,2,4991.0,23.0,,,4987.0,1976.0
1372,-2,68600,BANANAS,4990,1,4984.0,27.0,,,4991,27,,,,,4990.5,1714.0
1374,-2,68700,BANANAS,4984,25,,,,,4991,25,,,,,4987.5,1885.0
1377,-2,68800,BANANAS,4984,28,,,,,4985,9,4989.0,4.0,4990.0,2.0,4984.5,1984.0
1379,-2,68900,BANANAS,4989,1,4984.0,25.0,,,4991,25,,,,,4990.0,1788.25
1380,-2,69000,BANANAS,4983,23,,,,,4990,23,,,,,4986.5,2370.0
1383,-2,69100,BANANAS,4982,25,,,,,4985,4,4989.0,25.0,,,4983.5,2596.0
1385,-2,69200,BANANAS,4983,26,,,,,4990,26,,,,,4986.5,2378.0
1387,-2,69300,BANANAS,4983,28,,,,,4990,28,,,,,4986.5,2280.25
1389,-2,69400,BANANAS,4989,1,4984.0,8.0,4983.0,20.0,4990,22,,,,,4989.5,2079.75
1391,-2,69500,BANANAS,4983,20,,,,,4985,4,4988.0,1.0,4990.0,20.0,4984.0,2148.25
1393,-2,69600,BANANAS,4984,22,,,,,4985,2,4990.0,1.0,4991.0,21.0,4984.5,2028.5
1395,-2,69700,BANANAS,4983,21,,,,,4990,21,,,,,4986.5,2181.0
1396,-2,69800,BANANAS,4988,1,4983.0,27.0,,,4989,1,4990.0,26.0,,,4988.5,2474.25
1398,-2,69900,BANANAS,4987,1,4983.0,8.0,4982.0,29.0,4989,29,,,,,4988.0,2836.0
1400,-2,70000,BANANAS,4983,2,4982.0,28.0,,,4989,28,,,,,4986.0,2954.25
1402,-2,70100,BANANAS,4982,24,,,,,4987,8,4988.0,2.0,4989.0,22.0,4984.5,3071.75
1404,-2,70200,BANANAS,4982,2,4981.0,29.0,,,4986,3,4988.0,31.0,,,4984.0,3206.5
1406,-2,70300,BANANAS,4980,29,,,,,4987,29,,,,,4983.5,3963.75
1408,-2,70400,BANANAS,4979,26,,,,,4980,1,4984.0,3.0,4986.0,26.0,4979.5,4390.25
1410,-2,70500,BANANAS,4979,25,,,,,4986,25,,,,,4982.5,4501.75
1412,-2,70600,BANANAS,4979,30,,,,,4986,30,,,,,4982.5,4430.5
1414,-2,70700,BANANAS,4979,22,,,,,4980,10,4986.0,22.0,,,4979.5,4555.0
1416,-2,70800,BANANAS,4978,28,,,,,4980,4,4985.0,28.0,,,4979.0,4724.25
1418,-2,70900,BANANAS,4978,26,,,,,4985,26,,,,,4981.5,5229.75
1420,-2,71000,BANANAS,4979,2,4978.0,29.0,,,4985,31,,,,,4982.0,4788.0
1422,-2,71100,BANANAS,4979,4,4978.0,25.0,,,4985,25,,,,,4982.0,5029.25
1424,-2,71200,BANANAS,4979,28,,,,,4985,2,4986.0,26.0,,,4982.0,4661.5
1427,-2,71300,BANANAS,4979,29,,,,,4986,29,,,,,4982.5,4320.5
1429,-2,71400,BANANAS,4979,29,,,,,4980,1,4984.0,8.0,4986.0,29.0,4979.5,4261.0
1431,-2,71500,BANANAS,4980,10,4979.0,30.0,,,4986,30,,,,,4983.0,4384.25
1433,-2,71600,BANANAS,4979,20,,,,,4986,20,,,,,4982.5,4355.5
1435,-2,71700,BANANAS,4979,20,,,,,4986,20,,,,,4982.5,4608.75
1437,-2,71800,BANANAS,4984,1,4980.0,3.0,4979.0,25.0,4986,25,,,,,4985.0,4552.0
1439,-2,71900,BANANAS,4979,30,,,,,4986,30,,,,,4982.5,4551.75
1440,-2,72000,BANANAS,4979,26,,,,,4986,26,,,,,4982.5,4435.75
1443,-2,72100,BANANAS,4980,2,4979.0,23.0,,,4986,24,,,,,4983.0,4227.75
1444,-2,72200,BANANAS,4980,24,,,,,4985,10,4987.0,24.0,,,4982.5,3848.25
1447,-2,72300,BANANAS,4980,30,,,,,4987,30,,,,,4983.5,3934.0
1448,-2,72400,BANANAS,4981,2,4980.0,21.0,,,4985,4,4987.0,23.0,,,4983.0,3705.75
1451,-2,72500,BANANAS,4980,24,,,,,4987,24,,,,,4983.5,3879.5
1452,-2,72600,BANANAS,4985,1,4980.0,22.0,,,4986,1,4987.0,21.0,,,4985.5,4076.0
1455,-2,72700,BANANAS,4979,23,,,,,4986,23,,,,,4982.5,4212.25
1456,-2,72800,BANANAS,4979,26,,,,,4986,26,,,,,4982.5,4427.75
1459,-2,72900,BANANAS,4980,2,4979.0,23.0,,,4986,25,,,,,4983.0,4213.25
1460,-2,73000,BANANAS,4980,24,,,,,4987,24,,,,,4983.5,4011.5
1463,-2,73100,BANANAS,4980,26,,,,,4987,26,,,,,4983.5,3733.0
1464,-2,73200,BANANAS,4981,1,4980.0,30.0,,,4987,30,,,,,4984.0,3739.0
1467,-2,73300,BANANAS,4981,2,4980.0,30.0,,,4987,32,,,,,4984.0,3679.25
1468,-2,73400,BANANAS,4981,2,4980.0,31.0,,,4982,1,4987.0,31.0,,,4981.5,3806.5
1471,-2,73500,BANANAS,4983,5,4980.0,20.0,,,4987,20,,,,,4985.0,4058.0
1473,-2,73600,BANANAS,4980,26,,,,,4987,26,,,,,4983.5,3960.5
1475,-2,73700,BANANAS,4980,30,,,,,4987,30,,,,,4983.5,3902.0
1477,-2,73800,BANANAS,4980,30,,,,,4986,30,,,,,4983.0,4181.5
1479,-2,73900,BANANAS,4980,26,,,,,4986,1,4987.0,26.0,,,4983.0,4047.75
1481,-2,74000,BANANAS,4979,29,,,,,4986,29,,,,,4982.5,4437.75
1483,-2,74100,BANANAS,4979,31,,,,,4986,31,,,,,4982.5,4478.25
1485,-2,74200,BANANAS,4983,2,4979.0,28.0,,,4985,1,4986.0,27.0,,,4984.0,4621.5
1486,-2,74300,BANANAS,4983,1,4979.0,25.0,,,4985,25,,,,,4984.0,4740.5
1488,-2,74400,BANANAS,4978,21,,,,,4985,21,,,,,4981.5,4984.75
1490,-2,74500,BANANAS,4979,1,4978.0,22.0,,,4985,23,,,,,4982.0,4777.5
1492,-2,74600,BANANAS,4979,31,,,,,4985,1,4986.0,30.0,,,4982.0,4650.75
1494,-2,74700,BANANAS,4979,26,,,,,4984,3,4986.0,26.0,,,4981.5,4384.75
1496,-2,74800,BANANAS,4979,26,,,,,4986,26,,,,,4982.5,4356.0
1498,-2,74900,BANANAS,4979,24,,,,,4986,24,,,,,4982.5,4648.5
1500,-2,75000,BANANAS,4979,30,,,,,4986,30,,,,,4982.5,4734.5
1502,-2,75100,BANANAS,4978,25,,,,,4985,25,,,,,4981.5,5003.0
1504,-2,75200,BANANAS,4978,22,,,,,4985,22,,,,,4981.5,4902.75
1506,-2,75300,BANANAS,4983,1,4979.0,27.0,,,4984,5,4986.0,27.0,,,4983.5,4631.5
1508,-2,75400,BANANAS,4979,30,,,,,4986,30,,,,,4982.5,4560.5
1510,-2,75500,BANANAS,4979,29,,,,,4985,1,4986.0,29.0,,,4982.0,4696.75
1512,-2,75600,BANANAS,4984,1,4979.0,10.0,4978.0,20.0,4985,22,,,,,4984.5,4784.25
1514,-2,75700,BANANAS,4979,22,,,,,4980,3,4985.0,22.0,,,4979.5,4741.5
1517,-2,75800,BANANAS,4979,2,4978.0,22.0,,,4985,22,,,,,4982.0,5073.5
1519,-2,75900,BANANAS,4978,32,,,,,4985,32,,,,,4981.5,5043.25
1521,-2,76000,BANANAS,4978,22,,,,,4983,1,4985.0,22.0,,,4980.5,5002.0
1523,-2,76100,BANANAS,4978,28,,,,,4983,9,4985.0,28.0,,,4980.5,5129.75
1525,-2,76200,BANANAS,4979,5,4978.0,26.0,,,4985,26,,,,,4982.0,5228.75
1527,-2,76300,BANANAS,4978,27,,,,,4983,9,4985.0,27.0,,,4980.5,5169.75
1529,-2,76400,BANANAS,4978,1,4977.0,26.0,,,4984,28,,,,,4981.0,5361.25
1530,-2,76500,BANANAS,4977,31,,,,,4984,31,,,,,4980.5,5536.25
1533,-2,76600,BANANAS,4978,4,4977.0,29.0,,,4984,31,,,,,4981.0,5358.25
1535,-2,76700,BANANAS,4978,7,4977.0,20.0,,,4984,22,,,,,4981.0,5310.75
1536,-2,76800,BANANAS,4978,26,,,,,4985,26,,,,,4981.5,4921.75
1538,-2,76900,BANANAS,4979,2,4978.0,31.0,,,4984,1,4985.0,30.0,,,4981.5,5159.0
1541,-2,77000,BANANAS,4977,25,,,,,4982,8,4984.0,25.0,,,4979.5,5582.5
1543,-2,77100,BANANAS,4978,5,4977.0,25.0,,,4984,27,,,,,4981.0,5367.0
1544,-2,77200,BANANAS,4978,28,,,,,4984,2,4985.0,26.0,,,4981.0,5148.0
1546,-2,77300,BANANAS,4977,30,,,,,4984,30,,,,,4980.5,5327.75
1549,-2,77400,BANANAS,4978,2,4977.0,28.0,,,4984,28,,,,,4981.0,5679.0
1551,-2,77500,BANANAS,4978,8,4977.0,20.0,,,4984,20,,,,,4981.0,5696.25
1552,-2,77600,BANANAS,4976,26,,,,,4983,26,,,,,4979.5,6114.25
1554,-2,77700,BANANAS,4977,6,4976.0,26.0,,,4983,26,,,,,4980.0,6201.75
1557,-2,77800,BANANAS,4981,1,4975.0,26.0,,,4982,26,,,,,4981.5,6721.5
1559,-2,77900,BANANAS,4975,30,,,,,4982,30,,,,,4978.5,6787.25
1561,-2,78000,BANANAS,4974,28,,,,,4981,28,,,,,4977.5,7293.75
1563,-2,78100,BANANAS,4979,1,4974.0,32.0,,,4981,32,,,,,4980.0,7357.25
1565,-2,78200,BANANAS,4975,20,,,,,4982,20,,,,,4978.5,7009.75
1567,-2,78300,BANANAS,4974,22,,,,,4977,4,4981.0,22.0,,,4975.5,7081.0
1569,-2,78400,BANANAS,4976,1,4975.0,28.0,,,4981,2,4982.0,26.0,,,4978.5,6899.75
1571,-2,78500,BANANAS,4975,2,4974.0,30.0,,,4981,32,,,,,4978.0,7044.5
1573,-2,78600,BANANAS,4974,30,,,,,4975,1,4979.0,7.0,4981.0,30.0,4974.5,7267.5
1574,-2,78700,BANANAS,4974,29,,,,,4980,29,,,,,4977.0,7635.5
1576,-2,78800,BANANAS,4974,23,,,,,4981,24,,,,,4977.5,7392.75
1578,-2,78900,BANANAS,4974,30,,,,,4981,30,,,,,4977.5,7453.0
1580,-2,79000,BANANAS,4975,1,4974.0,21.0,,,4981,22,,,,,4978.0,7067.5
1582,-2,79100,BANANAS,4978,2,4974.0,27.0,,,4981,27,,,,,4979.5,7372.5
1584,-2,79200,BANANAS,4974,30,,,,,4979,5,4981.0,30.0,,,4976.5,7438.0
1586,-2,79300,BANANAS,4977,4,4974.0,29.0,,,4981,29,,,,,4979.0,7429.5
1588,-2,79400,BANANAS,4974,20,,,,,4981,20,,,,,4977.5,7095.25
1590,-2,79500,BANANAS,4975,28,,,,,4982,28,,,,,4978.5,6661.0
1592,-2,79600,BANANAS,4975,27,,,,,4982,27,,,,,4978.5,6764.0
1594,-2,79700,BANANAS,4975,2,4974.0,30.0,,,4981,32,,,,,4978.0,7062.75
1596,-2,79800,BANANAS,4974,22,,,,,4980,2,4981.0,20.0,,,4977.0,7514.0
1598,-2,79900,BANANAS,4975,4,4974.0,23.0,,,4981,23,,,,,4978.0,7189.0
1600,-2,80000,BANANAS,4975,5,4974.0,30.0,,,4981,30,,,,,4978.0,7223.75
1602,-2,80100,BANANAS,4974,31,,,,,4979,5,4981.0,31.0,,,4976.5,7402.0
1605,-2,80200,BANANAS,4974,27,,,,,4981,27,,,,,4977.5,7428.25
1607,-2,80300,BANANAS,4973,30,,,,,4980,30,,,,,4976.5,8088.75
1609,-2,80400,BANANAS,4972,23,,,,,4979,23,,,,,4975.5,8538.75
1611,-2,80500,BANANAS,4973,1,4972.0,21.0,,,4977,8,4979.0,23.0,,,4975.0,8312.75
1613,-2,80600,BANANAS,4974,3,4973.0,27.0,,,4979,1,4980.0,26.0,,,4976.5,8226.25
1615,-2,80700,BANANAS,4973,29,,,,,4979,2,4980.0,27.0,,,4976.0,8201.75
1617,-2,80800,BANANAS,4972,25,,,,,4977,5,4979.0,25.0,,,4974.5,8469.25
1619,-2,80900,BANANAS,4973,2,4972.0,28.0,,,4979,30,,,,,4976.0,8331.25
1620,-2,81000,BANANAS,4973,32,,,,,4980,32,,,,,4976.5,7893.75
1623,-2,81100,BANANAS,4973,29,,,,,4978,6,4979.0,1.0,4980.0,28.0,4975.5,8218.5
1624,-2,81200,BANANAS,4973,27,,,,,4978,3,4979.0,1.0,4980.0,26.0,4975.5,8228.75
1627,-2,81300,BANANAS,4973,2,4972.0,20.0,,,4977,7,4979.0,22.0,,,4975.0,8355.25
1628,-2,81400,BANANAS,4973,23,,,,,4979,23,,,,,4976.0,8277.5
1631,-2,81500,BANANAS,4973,2,4972.0,28.0,,,4979,28,,,,,4976.0,8288.0
1632,-2,81600,BANANAS,4973,10,4972.0,20.0,,,4979,20,,,,,4976.0,8339.5
1635,-2,81700,BANANAS,4972,27,,,,,4977,7,4979.0,27.0,,,4974.5,8577.75
1636,-2,81800,BANANAS,4973,8,4972.0,29.0,,,4979,29,,,,,4976.0,8593.5
1639,-2,81900,BANANAS,4972,27,,,,,4978,2,4979.0,25.0,,,4975.0,8764.25
1640,-2,82000,BANANAS,4976,5,4972.0,32.0,,,4978,2,4979.0,30.0,,,4977.0,8815.75
1643,-2,82100,BANANAS,4972,21,,,,,4978,1,4979.0,21.0,,,4975.0,8847.5
1644,-2,82200,BANANAS,4977,1,4972.0,30.0,,,4979,30,,,,,4978.0,8693.75
1647,-2,82300,BANANAS,4972,27,,,,,4978,1,4979.0,26.0,,,4975.0,8857.5
1649,-2,82400,BANANAS,4972,2,4971.0,24.0,,,4978,26,,,,,4975.0,8955.0
1651,-2,82500,BANANAS,4972,26,,,,,4975,2,4979.0,26.0,,,4973.5,8694.25
1653,-2,82600,BANANAS,4973,6,4972.0,23.0,,,4978,2,4979.0,21.0,,,4975.5,8761.25
1655,-2,82700,BANANAS,4972,31,,,,,4978,1,4979.0,30.0,,,4975.0,8843.5
1657,-2,82800,BANANAS,4972,22,,,,,4979,22,,,,,4975.5,8635.25
1659,-2,82900,BANANAS,4972,23,,,,,4977,1,4979.0,23.0,,,4974.5,8579.75
1661,-2,83000,BANANAS,4972,31,,,,,4979,31,,,,,4975.5,8570.5
1662,-2,83100,BANANAS,4972,21,,,,,4979,21,,,,,4975.5,8528.5
1664,-2,83200,BANANAS,4972,28,,,,,4978,1,4979.0,27.0,,,4975.0,8861.5
1666,-2,83300,BANANAS,4972,22,,,,,4979,22,,,,,4975.5,8750.5
1668,-2,83400,BANANAS,4973,2,4972.0,28.0,,,4979,30,,,,,4976.0,8381.25
1670,-2,83500,BANANAS,4973,2,4972.0,27.0,,,4977,1,4979.0,29.0,,,4975.0,8242.5
1672,-2,83600,BANANAS,4972,25,,,,,4979,25,,,,,4975.5,8664.75
1674,-2,83700,BANANAS,4972,27,,,,,4979,27,,,,,4975.5,8576.0
1676,-2,83800,BANANAS,4972,32,,,,,4978,2,4979.0,30.0,,,4975.0,8830.0
1678,-2,83900,BANANAS,4977,1,4972.0,1.0,4971.0,26.0,4978,27,,,,,4977.5,8903.0
1680,-2,84000,BANANAS,4971,25,,,,,4978,25,,,,,4974.5,8881.25
1682,-2,84100,BANANAS,4971,26,,,,,4978,26,,,,,4974.5,9210.0
1684,-2,84200,BANANAS,4972,2,4971.0,25.0,,,4978,27,,,,,4975.0,8869.5
1686,-2,84300,BANANAS,4971,25,,,,,4978,25,,,,,4974.5,8870.5
1688,-2,84400,BANANAS,4972,30,,,,,4977,7,4978.0,2.0,4979.0,28.0,4974.5,8668.75
1690,-2,84500,BANANAS,4972,29,,,,,4977,6,4979.0,29.0,,,4974.5,8509.0
1693,-2,84600,BANANAS,4973,2,4972.0,26.0,,,4979,28,,,,,4976.0,8149.75
1695,-2,84700,BANANAS,4978,1,4973.0,28.0,,,4980,28,,,,,4979.0,7843.25
1697,-2,84800,BANANAS,4973,1,4972.0,23.0,,,4979,24,,,,,4976.0,8257.25
1699,-2,84900,BANANAS,4973,2,4972.0,26.0,,,4979,28,,,,,4976.0,8256.25
1701,-2,85000,BANANAS,4971,30,,,,,4978,30,,,,,4974.5,8847.75
1703,-2,85100,BANANAS,4972,1,4971.0,25.0,,,4976,2,4978.0,26.0,,,4974.0,8979.75
1705,-2,85200,BANANAS,4972,27,,,,,4973,3,4977.0,1.0,4978.0,1.0,4972.5,8795.75
1707,-2,85300,BANANAS,4975,5,4972.0,28.0,,,4977,6,4979.0,28.0,,,4976.0,8550.5
1708,-2,85400,BANANAS,4973,6,4972.0,28.0,,,4979,29,,,,,4976.0,8208.5
1710,-2,85500,BANANAS,4972,28,,,,,4975,3,4979.0,28.0,,,4973.5,8321.5
1713,-2,85600,BANANAS,4973,1,4972.0,28.0,,,4979,29,,,,,4976.0,8244.0
1715,-2,85700,BANANAS,4972,28,,,,,4979,28,,,,,4975.5,8227.25
1716,-2,85800,BANANAS,4974,7,4973.0,29.0,,,4980,29,,,,,4977.0,7847.0
1718,-2,85900,BANANAS,4974,2,4973.0,29.0,,,4980,30,,,,,4977.0,7354.5
1721,-2,86000,BANANAS,4973,22,,,,,4978,5,4980.0,23.0,,,4975.5,7463.75
1723,-2,86100,BANANAS,4976,3,4975.0,20.0,,,4982,20,,,,,4979.0,6391.5
1724,-2,86200,BANANAS,4975,28,,,,,4976,2,4982.0,28.0,,,4975.5,6402.5
1726,-2,86300,BANANAS,4975,28,,,,,4981,1,4982.0,28.0,,,4978.0,6509.75
1729,-2,86400,BANANAS,4975,31,,,,,4982,31,,,,,4978.5,6347.25
1731,-2,86500,BANANAS,4975,23,,,,,4982,23,,,,,4978.5,6138.25
1732,-2,86600,BANANAS,4975,22,,,,,4980,5,4982.0,22.0,,,4977.5,5990.75
1734,-2,86700,BANANAS,4975,21,,,,,4982,21,,,,,4978.5,6186.75
1737,-2,86800,BANANAS,4976,23,,,,,4981,7,4983.0,23.0,,,4978.5,5714.5
1739,-2,86900,BANANAS,4976,23,,,,,4981,1,4982.0,1.0,4983.0,22.0,4978.5,5707.25
1741,-2,87000,BANANAS,4976,22,,,,,4983,22,,,,,4979.5,5264.75
1743,-2,87100,BANANAS,4977,23,,,,,4984,23,,,,,4980.5,4865.0
1745,-2,87200,BANANAS,4977,5,4976.0,20.0,,,4983,20,,,,,4980.0,5243.75
1747,-2,87300,BANANAS,4976,30,,,,,4981,3,4983.0,30.0,,,4978.5,5538.75
1749,-2,87400,BANANAS,4975,28,,,,,4982,28,,,,,4978.5,5840.25
1751,-2,87500,BANANAS,4976,24,,,,,4981,5,4982.0,2.0,4983.0,22.0,4978.5,5721.5
1752,-2,87600,BANANAS,4976,30,,,,,4982,2,4983.0,28.0,,,4979.0,5685.0
1754,-2,87700,BANANAS,4976,20,,,,,4981,2,4983.0,20.0,,,4978.5,5610.5
1756,-2,87800,BANANAS,4975,20,,,,,4982,20,,,,,4978.5,5863.25
1758,-2,87900,BANANAS,4976,25,,,,,4982,25,,,,,4979.0,5740.75
1760,-2,88000,BANANAS,4976,27,,,,,4983,27,,,,,4979.5,5352.25
1762,-2,88100,BANANAS,4976,28,,,,,4982,28,,,,,4979.0,5768.25
1764,-2,88200,BANANAS,4975,26,,,,,4977,3,4982.0,26.0,,,4976.0,5834.75
1766,-2,88300,BANANAS,4977,1,4976.0,26.0,,,4982,26,,,,,4979.5,5758.0
1768,-2,88400,BANANAS,4981,1,4975.0,28.0,,,4982,28,,,,,4981.5,5804.25
1770,-2,88500,BANANAS,4976,2,4975.0,20.0,,,4982,22,,,,,4979.0,5870.75
1772,-2,88600,BANANAS,4976,25,,,,,4983,25,,,,,4979.5,5331.25
1774,-2,88700,BANANAS,4977,28,,,,,4984,28,,,,,4980.5,4941.25
1776,-2,88800,BANANAS,4978,5,4977.0,31.0,,,4984,31,,,,,4981.0,4684.75
1778,-2,88900,BANANAS,4977,27,,,,,4984,27,,,,,4980.5,4927.25
1780,-2,89000,BANANAS,4978,1,4977.0,23.0,,,4984,24,,,,,4981.0,4240.5
1783,-2,89100,BANANAS,4983,1,4978.0,29.0,,,4984,2,4985.0,27.0,,,4983.5,4134.5
1785,-2,89200,BANANAS,4978,2,4977.0,28.0,,,4984,30,,,,,4981.0,4320.0
1787,-2,89300,BANANAS,4977,25,,,,,4984,25,,,,,4980.5,4429.5
1789,-2,89400,BANANAS,4983,1,4977.0,23.0,,,4984,23,,,,,4983.5,4586.25
1791,-2,89500,BANANAS,4978,27,,,,,4985,27,,,,,4981.5,3935.5
1793,-2,89600,BANANAS,4978,26,,,,,4983,6,4985.0,26.0,,,4980.5,3877.25
1795,-2,89700,BANANAS,4978,30,,,,,4985,30,,,,,4981.5,3862.5
1796,-2,89800,BANANAS,4977,28,,,,,4984,28,,,,,4980.5,4533.0
1799,-2,89900,BANANAS,4978,10,4977.0,26.0,,,4984,26,,,,,4981.0,4309.75
1800,-2,90000,BANANAS,4977,23,,,,,4984,24,,,,,4980.5,4638.25
1803,-2,90100,BANANAS,4977,28,,,,,4983,28,,,,,4980.0,4992.5
1804,-2,90200,BANANAS,4977,21,,,,,4984,21,,,,,4980.5,4810.5
1807,-2,90300,BANANAS,4977,8,4976.0,23.0,,,4983,23,,,,,4980.0,5082.5
1808,-2,90400,BANANAS,4977,25,,,,,4982,1,4984.0,25.0,,,4979.5,4828.25
1811,-2,90500,BANANAS,4977,24,,,,,4984,24,,,,,4980.5,4485.25
1812,-2,90600,BANANAS,4982,1,4977.0,10.0,4976.0,25.0,4983,25,,,,,4982.5,5044.5
1815,-2,90700,BANANAS,4977,1,4976.0,27.0,,,4981,6,4983.0,28.0,,,4979.0,5091.25
1816,-2,90800,BANANAS,4976,26,,,,,4982,1,4983.0,25.0,,,4979.0,5583.5
1819,-2,90900,BANANAS,4976,26,,,,,4983,26,,,,,4979.5,5607.75
1820,-2,91000,BANANAS,4976,31,,,,,4977,1,4983.0,31.0,,,4976.5,5329.75
1823,-2,91100,BANANAS,4979,1,4976.0,23.0,,,4982,2,4983.0,21.0,,,4980.5,5754.75
1824,-2,91200,BANANAS,4976,26,,,,,4983,26,,,,,4979.5,5200.25
1827,-2,91300,BANANAS,4976,27,,,,,4983,27,,,,,4979.5,5301.5
1829,-2,91400,BANANAS,4976,22,,,,,4983,22,,,,,4979.5,5673.75
1831,-2,91500,BANANAS,4976,25,,,,,4983,26,,,,,4979.5,5714.5
1833,-2,91600,BANANAS,4980,4,4976.0,30.0,,,4981,9,4983.0,30.0,,,4980.5,5473.75
1835,-2,91700,BANANAS,4976,2,4975.0,21.0,,,4982,23,,,,,4979.0,5907.25
1837,-2,91800,BANANAS,4975,24,,,,,4982,24,,,,,4978.5,5912.25
1839,-2,91900,BANANAS,4975,21,,,,,4982,22,,,,,4978.5,6341.5
1840,-2,92000,BANANAS,4975,28,,,,,4982,28,,,,,4978.5,5972.75
1842,-2,92100,BANANAS,4976,1,4975.0,21.0,,,4978,3,4982.0,22.0,,,4977.0,5930.25
1844,-2,92200,BANANAS,4975,30,,,,,4982,30,,,,,4978.5,6068.75
1846,-2,92300,BANANAS,4976,28,,,,,4977,1,4981.0,6.0,4982.0,2.0,4976.5,5749.75
1848,-2,92400,BANANAS,4975,27,,,,,4982,27,,,,,4978.5,6153.5
1850,-2,92500,BANANAS,4975,27,,,,,4976,11,4982.0,28.0,,,4975.5,6279.25
1852,-2,92600,BANANAS,4976,22,,,,,4982,1,4983.0,22.0,,,4979.0,5672.0
1854,-2,92700,BANANAS,4976,20,,,,,4982,20,,,,,4979.0,5717.75
1856,-2,92800,BANANAS,4976,22,,,,,4983,22,,,,,4979.5,5294.0
1858,-2,92900,BANANAS,4976,21,,,,,4983,21,,,,,4979.5,5238.75
1860,-2,93000,BANANAS,4976,22,,,,,4983,22,,,,,4979.5,5467.75
1862,-2,93100,BANANAS,4976,21,,,,,4982,1,4983.0,20.0,,,4979.0,5553.0
1864,-2,93200,BANANAS,4976,30,,,,,4982,2,4983.0,28.0,,,4979.0,5535.75
1866,-2,93300,BANANAS,4977,8,4976.0,25.0,,,4982,1,4983.0,24.0,,,4979.5,5672.75
1868,-2,93400,BANANAS,4980,5,4975.0,26.0,,,4982,26,,,,,4981.0,5939.75
1871,-2,93500,BANANAS,4975,28,,,,,4982,28,,,,,4978.5,6203.25
1873,-2,93600,BANANAS,4974,30,,,,,4979,8,4981.0,30.0,,,4976.5,6685.0
1875,-2,93700,BANANAS,4974,29,,,,,4979,8,4981.0,29.0,,,4976.5,6657.0
1877,-2,93800,BANANAS,4975,2,4974.0,26.0,,,4981,28,,,,,4978.0,6539.0
1879,-2,93900,BANANAS,4975,28,,,,,4978,4,4982.0,28.0,,,4976.5,6307.25
1881,-2,94000,BANANAS,4974,30,,,,,4981,30,,,,,4977.5,6892.0
1883,-2,94100,BANANAS,4974,28,,,,,4979,9,4981.0,28.0,,,4976.5,6640.25
1885,-2,94200,BANANAS,4975,1,4974.0,24.0,,,4981,25,,,,,4978.0,6653.25
1887,-2,94300,BANANAS,4974,21,,,,,4975,8,4981.0,22.0,,,4974.5,7115.0
1888,-2,94400,BANANAS,4974,23,,,,,4981,24,,,,,4977.5,7088.0
1890,-2,94500,BANANAS,4974,23,,,,,4975,1,4981.0,23.0,,,4974.5,6834.25
1893,-2,94600,BANANAS,4974,30,,,,,4981,30,,,,,4977.5,6674.5
1895,-2,94700,BANANAS,4975,22,,,,,4981,2,4982.0,20.0,,,4978.0,6449.25
1896,-2,94800,BANANAS,4975,26,,,,,4980,6,4982.0,26.0,,,4977.5,6153.75
1898,-2,94900,BANANAS,4975,30,,,,,4982,30,,,,,4978.5,5873.75
1901,-2,95000,BANANAS,4976,2,4975.0,21.0,,,4982,23,,,,,4979.0,5893.0
1903,-2,95100,BANANAS,4975,2,4974.0,23.0,,,4981,25,,,,,4978.0,6569.0
1904,-2,95200,BANANAS,4974,23,,,,,4981,23,,,,,4977.5,6815.0
1906,-2,95300,BANANAS,4974,30,,,,,4981,31,,,,,4977.5,6705.25
1909,-2,95400,BANANAS,4974,25,,,,,4981,25,,,,,4977.5,6856.75
1911,-2,95500,BANANAS,4974,21,,,,,4979,10,4981.0,21.0,,,4976.5,6642.75
1912,-2,95600,BANANAS,4980,1,4979.0,2.0,4975.0,22.0,4981,1,4982.0,21.0,,,4980.5,6392.75
1914,-2,95700,BANANAS,4975,32,,,,,4981,2,4982.0,30.0,,,4978.0,6388.0
1917,-2,95800,BANANAS,4975,25,,,,,4982,26,,,,,4978.5,5783.25
1919,-2,95900,BANANAS,4975,25,,,,,4980,4,4982.0,25.0,,,4977.5,6108.75
1921,-2,96000,BANANAS,4976,7,4975.0,21.0,,,4982,21,,,,,4979.0,5813.25
1923,-2,96100,BANANAS,4975,30,,,,,4977,4,4982.0,30.0,,,4976.0,5974.0
1925,-2,96200,BANANAS,4980,3,4975.0,29.0,,,4982,29,,,,,4981.0,6238.0
1927,-2,96300,BANANAS,4975,24,,,,,4982,24,,,,,4978.5,6052.25
1929,-2,96400,BANANAS,4976,3,4975.0,27.0,,,4982,27,,,,,4979.0,6261.5
1930,-2,96500,BANANAS,4975,23,,,,,4982,23,,,,,4978.5,5986.5
1932,-2,96600,BANANAS,4976,6,4975.0,31.0,,,4981,2,4982.0,29.0,,,4978.5,6376.5
1934,-2,96700,BANANAS,4975,25,,,,,4980,10,4981.0,2.0,4982.0,23.0,4977.5,6372.25
1936,-2,96800,BANANAS,4980,1,4975.0,2.0,4974.0,25.0,4981,27,,,,,4980.5,6655.5
1938,-2,96900,BANANAS,4975,10,4974.0,21.0,,,4981,21,,,,,4978.0,6742.25
1940,-2,97000,BANANAS,4974,24,,,,,4981,24,,,,,4977.5,6871.25
1942,-2,97100,BANANAS,4974,20,,,,,4979,2,4981.0,20.0,,,4976.5,7248.75
1944,-2,97200,BANANAS,4974,22,,,,,4981,22,,,,,4977.5,7040.75
1946,-2,97300,BANANAS,4974,2,4973.0,30.0,,,4975,5,4980.0,32.0,,,4974.5,7456.75
1948,-2,97400,BANANAS,4977,1,4974.0,5.0,4973.0,31.0,4980,31,,,,,4978.5,7784.0
1950,-2,97500,BANANAS,4974,6,4973.0,21.0,,,4980,22,,,,,4977.0,7497.75
1952,-2,97600,BANANAS,4974,31,,,,,4980,1,4981.0,30.0,,,4977.0,7184.5
1954,-2,97700,BANANAS,4974,32,,,,,4979,9,4981.0,32.0,,,4976.5,6971.5
1956,-2,97800,BANANAS,4974,24,,,,,4981,24,,,,,4977.5,6866.25
1958,-2,97900,BANANAS,4975,30,,,,,4982,30,,,,,4978.5,6123.5
1961,-2,98000,BANANAS,4975,1,4974.0,30.0,,,4981,31,,,,,4978.0,6527.75
1963,-2,98100,BANANAS,4974,27,,,,,4977,3,4981.0,27.0,,,4975.5,6781.25
1965,-2,98200,BANANAS,4974,26,,,,,4981,27,,,,,4977.5,7110.5
1967,-2,98300,BANANAS,4974,26,,,,,4981,26,,,,,4977.5,6819.75
1969,-2,98400,BANANAS,4974,26,,,,,4975,1,4977.0,1.0,4981.0,26.0,4974.5,6704.5
1971,-2,98500,BANANAS,4975,25,,,,,4981,1,4982.0,24.0,,,4978.0,6336.0
1973,-2,98600,BANANAS,4975,20,,,,,4980,10,4982.0,20.0,,,4977.5,6017.0
1975,-2,98700,BANANAS,4975,29,,,,,4980,1,4982.0,29.0,,,4977.5,6098.5
1976,-2,98800,BANANAS,4975,32,,,,,4981,2,4982.0,30.0,,,4978.0,6379.0
1979,-2,98900,BANANAS,4974,25,,,,,4981,25,,,,,4977.5,6726.5
1980,-2,99000,BANANAS,4975,23,,,,,4976,11,4982.0,23.0,,,4975.5,5990.0
1983,-2,99100,BANANAS,4976,2,4975.0,20.0,,,4982,22,,,,,4979.0,5639.0
1984,-2,99200,BANANAS,4981,1,4976.0,31.0,,,4982,2,4983.0,29.0,,,4981.5,5443.5
1987,-2,99300,BANANAS,4976,21,,,,,4982,1,4983.0,20.0,,,4979.0,5564.5
1988,-2,99400,BANANAS,4976,2,4975.0,24.0,,,4980,10,4982.0,26.0,,,4978.0,5637.5
1991,-2,99500,BANANAS,4981,1,4980.0,3.0,4976.0,2.0,4982,30,,,,,4981.5,5760.5
1992,-2,99600,BANANAS,4975,28,,,,,4982,28,,,,,4978.5,5939.5
1995,-2,99700,BANANAS,4974,31,,,,,4981,31,,,,,4977.5,6780.5
1996,-2,99800,BANANAS,4974,29,,,,,4981,29,,,,,4977.5,6808.0
1999,-2,99900,BANANAS,4975,10,4974.0,28.0,,,4981,28,,,,,4978.0,6946.5
2000,-2,100000,BANANAS,4974,30,,,,,4981,30,,,,,4977.5,6851.5
2003,-2,100100,BANANAS,4974,28,,,,,4975,1,4981.0,28.0,,,4974.5,6785.0
2005,-2,100200,BANANAS,4975,22,,,,,4976,4,4982.0,22.0,,,4975.5,6494.0
2007,-2,100300,BANANAS,4975,28,,,,,4981,1,4982.0,27.0,,,4978.0,6504.0
2009,-2,100400,BANANAS,4980,1,4976.0,5.0,4975.0,21.0,4982,21,,,,,4981.0,6233.0
2011,-2,100500,BANANAS,4975,7,4974.0,24.0,,,4981,24,,,,,4978.0,7128.5
2013,-2,100600,BANANAS,4974,2,4973.0,30.0,,,4980,31,,,,,4977.0,7516.5
2015,-2,100700,BANANAS,4975,5,4974.0,27.0,,,4981,27,,,,,4978.0,6923.0
2017,-2,100800,BANANAS,4974,22,,,,,4979,10,4980.0,1.0,4981.0,21.0,4976.5,7352.5
2018,-2,100900,BANANAS,4974,2,4973.0,24.0,,,4980,26,,,,,4977.0,7454.5
2020,-2,101000,BANANAS,4975,9,4974.0,21.0,,,4980,1,4981.0,20.0,,,4977.5,7215.0
2022,-2,101100,BANANAS,4974,1,4973.0,27.0,,,4975,5,4980.0,28.0,,,4974.5,7527.0
2024,-2,101200,BANANAS,4974,23,,,,,4980,2,4981.0,21.0,,,4977.0,7282.0
2026,-2,101300,BANANAS,4973,28,,,,,4980,28,,,,,4976.5,7783.5
2028,-2,101400,BANANAS,4973,2,4972.0,24.0,,,4979,26,,,,,4976.0,8454.0
2030,-2,101500,BANANAS,4972,26,,,,,4977,9,4979.0,26.0,,,4974.5,8921.0
2032,-2,101600,BANANAS,4971,28,,,,,4978,28,,,,,4974.5,9501.0
2034,-2,101700,BANANAS,4972,1,4971.0,22.0,,,4978,22,,,,,4975.0,9512.5
2036,-2,101800,BANANAS,4971,23,,,,,4976,7,4978.0,23.0,,,4973.5,9628.5
2038,-2,101900,BANANAS,4971,21,,,,,4978,21,,,,,4974.5,9523.0
2040,-2,102000,BANANAS,4971,25,,,,,4977,1,4978.0,24.0,,,4974.0,9889.0
2042,-2,102100,BANANAS,4977,9,4973.0,2.0,4972.0,23.0,4978,1,4979.0,22.0,,,4977.5,9009.5
2044,-2,102200,BANANAS,4972,31,,,,,4978,2,4979.0,29.0,,,4975.0,9048.5
2046,-2,102300,BANANAS,4972,30,,,,,4977,3,4978.0,1.0,4979.0,29.0,4974.5,9075.5
2049,-2,102400,BANANAS,4972,30,,,,,4979,31,,,,,4975.5,8919.0
2051,-2,102500,BANANAS,4972,30,,,,,4975,2,4978.0,2.0,4979.0,28.0,4973.5,9011.5
2053,-2,102600,BANANAS,4972,1,4971.0,22.0,,,4978,23,,,,,4975.0,9238.0
2055,-2,102700,BANANAS,4972,1,4971.0,21.0,,,4978,22,,,,,4975.0,9213.5
2057,-2,102800,BANANAS,4972,29,,,,,4979,29,,,,,4975.5,8898.0
2059,-2,102900,BANANAS,4977,3,4972.0,25.0,,,4979,25,,,,,4978.0,8671.0
2061,-2,103000,BANANAS,4973,2,4972.0,28.0,,,4979,30,,,,,4976.0,8393.0
2062,-2,103100,BANANAS,4972,22,,,,,4979,22,,,,,4975.5,8600.0
2065,-2,103200,BANANAS,4972,24,,,,,4979,24,,,,,4975.5,8874.5
2067,-2,103300,BANANAS,4976,5,4974.0,7.0,4973.0,21.0,4980,21,,,,,4978.0,8164.0
2068,-2,103400,BANANAS,4973,29,,,,,4979,1,4980.0,28.0,,,4976.0,8254.5
2070,-2,103500,BANANAS,4973,31,,,,,4979,2,4980.0,29.0,,,4976.0,8089.5
2073,-2,103600,BANANAS,4979,1,4978.0,1.0,4973.0,31.0,4980,31,,,,,4979.5,7830.5
2075,-2,103700,BANANAS,4974,22,,,,,4980,2,4981.0,20.0,,,4977.0,7328.0
2076,-2,103800,BANANAS,4973,31,,,,,4978,9,4980.0,31.0,,,4975.5,7815.5
2078,-2,103900,BANANAS,4973,22,,,,,4980,22,,,,,4976.5,7992.5
2081,-2,104000,BANANAS,4973,29,,,,,4980,29,,,,,4976.5,8152.0
2083,-2,104100,BANANAS,4973,30,,,,,4980,30,,,,,4976.5,8265.0
2084,-2,104200,BANANAS,4972,23,,,,,4977,4,4979.0,23.0,,,4974.5,9131.5
2086,-2,104300,BANANAS,4972,24,,,,,4977,2,4978.0,1.0,4979.0,23.0,4974.5,9170.5
2089,-2,104400,BANANAS,4970,21,,,,,4977,21,,,,,4973.5,10209.0
2091,-2,104500,BANANAS,4971,25,,,,,4978,25,,,,,4974.5,10099.0
2093,-2,104600,BANANAS,4971,27,,,,,4977,1,4978.0,26.0,,,4974.0,9911.0
2095,-2,104700,BANANAS,4971,24,,,,,4976,7,4978.0,25.0,,,4973.5,9698.0
2097,-2,104800,BANANAS,4971,1,4970.0,25.0,,,4977,27,,,,,4974.0,10131.0
2099,-2,104900,BANANAS,4971,28,,,,,4976,9,4978.0,28.0,,,4973.5,9795.0
2101,-2,105000,BANANAS,4971,31,,,,,4977,31,,,,,4974.0,10109.5
2103,-2,105100,BANANAS,4970,29,,,,,4977,29,,,,,4973.5,10554.0
2105,-2,105200,BANANAS,4970,21,,,,,4976,2,4977.0,20.0,,,4973.0,10907.0
2107,-2,105300,BANANAS,4969,23,,,,,4974,2,4976.0,23.0,,,4971.5,11215.5
2108,-2,105400,BANANAS,4969,29,,,,,4976,29,,,,,4972.5,11157.5
2110,-2,105500,BANANAS,4970,22,,,,,4975,7,4976.0,1.0,4977.0,21.0,4972.5,10865.0
2112,-2,105600,BANANAS,4969,29,,,,,4976,29,,,,,4972.5,11624.0
2114,-2,105700,BANANAS,4969,31,,,,,4975,1,4976.0,30.0,,,4972.0,11822.5
2116,-2,105800,BANANAS,4970,1,4969.0,28.0,,,4976,28,,,,,4973.0,11501.5
2118,-2,105900,BANANAS,4969,27,,,,,4974,9,4976.0,27.0,,,4971.5,11431.5
2120,-2,106000,BANANAS,4974,2,4970.0,1.0,4969.0,23.0,4976,23,,,,,4975.0,11252.5
2122,-2,106100,BANANAS,4969,26,,,,,4975,2,4976.0,24.0,,,4972.0,11793.5
2124,-2,106200,BANANAS,4969,23,,,,,4974,8,4976.0,23.0,,,4971.5,11453.5
2126,-2,106300,BANANAS,4969,2,4968.0,20.0,,,4975,22,,,,,4972.0,12018.0
2128,-2,106400,BANANAS,4969,1,4968.0,25.0,,,4975,26,,,,,4972.0,11950.5
2130,-2,106500,BANANAS,4970,2,4969.0,22.0,,,4976,22,,,,,4973.0,11462.0
2132,-2,106600,BANANAS,4970,20,,,,,4977,20,,,,,4973.5,10817.5
2134,-2,106700,BANANAS,4970,30,,,,,4971,4,4975.0,10.0,4977.0,30.0,4970.5,10632.0
2136,-2,106800,BANANAS,4970,23,,,,,4971,11,4977.0,23.0,,,4970.5,10301.0
2139,-2,106900,BANANAS,4970,23,,,,,4977,23,,,,,4973.5,10495.5
2141,-2,107000,BANANAS,4970,27,,,,,4971,1,4975.0,5.0,4977.0,27.0,4970.5,10674.0
2143,-2,107100,BANANAS,4976,1,4971.0,1.0,4970.0,29.0,4977,30,,,,,4976.5,10240.0
2145,-2,107200,BANANAS,4970,26,,,,,4977,26,,,,,4973.5,10240.0
2147,-2,107300,BANANAS,4971,1,4970.0,28.0,,,4977,29,,,,,4974.0,10287.5
2149,-2,107400,BANANAS,4970,25,,,,,4977,25,,,,,4973.5,10810.5
2151,-2,107500,BANANAS,4970,25,,,,,4975,7,4977.0,25.0,,,4972.5,10755.5
2152,-2,107600,BANANAS,4970,22,,,,,4977,22,,,,,4973.5,10534.5
2155,-2,107700,BANANAS,4970,22,,,,,4976,2,4977.0,20.0,,,4973.0,10831.5
2156,-2,107800,BANANAS,4970,22,,,,,4975,2,4976.0,1.0,4977.0,21.0,4972.5,11030.5
2159,-2,107900,BANANAS,4971,3,4970.0,25.0,,,4977,25,,,,,4974.0,10438.5
2160,-2,108000,BANANAS,4971,6,4970.0,32.0,,,4977,32,,,,,4974.0,10372.0
2163,-2,108100,BANANAS,4970,29,,,,,4977,29,,,,,4973.5,10522.0
2164,-2,108200,BANANAS,4970,25,,,,,4976,2,4977.0,23.0,,,4973.0,10954.5
2167,-2,108300,BANANAS,4970,2,4969.0,25.0,,,4974,8,4976.0,27.0,,,4972.0,11190.5
2168,-2,108400,BANANAS,4975,1,4970.0,1.0,4969.0,26.0,4976,27,,,,,4975.5,11286.5
2171,-2,108500,BANANAS,4970,26,,,,,4977,26,,,,,4973.5,10768.5
2172,-2,108600,BANANAS,4971,9,4970.0,26.0,,,4976,2,4977.0,24.0,,,4973.5,11044.5
2175,-2,108700,BANANAS,4970,26,,,,,4977,26,,,,,4973.5,10355.5
2176,-2,108800,BANANAS,4970,20,,,,,4973,5,4977.0,21.0,,,4971.5,10710.0
2179,-2,108900,BANANAS,4970,28,,,,,4977,28,,,,,4973.5,10848.5
2180,-2,109000,BANANAS,4970,22,,,,,4977,22,,,,,4973.5,10528.0
2183,-2,109100,BANANAS,4973,6,4970.0,23.0,,,4975,2,4977.0,23.0,,,4974.0,10621.0
2185,-2,109200,BANANAS,4970,26,,,,,4976,1,4977.0,25.0,,,4973.0,10941.5
2187,-2,109300,BANANAS,4970,23,,,,,4977,23,,,,,4973.5,10993.5
2189,-2,109400,BANANAS,4975,1,4970.0,30.0,,,4977,30,,,,,4976.0,10821.0
2191,-2,109500,BANANAS,4969,22,,,,,4974,1,4976.0,22.0,,,4971.5,11485.0
2193,-2,109600,BANANAS,4969,23,,,,,4974,6,4976.0,23.0,,,4971.5,11581.5
2195,-2,109700,BANANAS,4970,2,4969.0,28.0,,,4976,28,,,,,4973.0,11624.5
2196,-2,109800,BANANAS,4969,29,,,,,4974,9,4976.0,29.0,,,4971.5,11781.0
2198,-2,109900,BANANAS,4969,26,,,,,4976,26,,,,,4972.5,11498.5
2200,-2,110000,BANANAS,4969,30,,,,,4974,9,4976.0,30.0,,,4971.5,11722.0
2202,-2,110100,BANANAS,4969,24,,,,,4975,1,4976.0,23.0,,,4972.0,11870.0
2204,-2,110200,BANANAS,4969,23,,,,,4976,23,,,,,4972.5,11856.5
2206,-2,110300,BANANAS,4969,30,,,,,4976,30,,,,,4972.5,11575.0
2208,-2,110400,BANANAS,4969,29,,,,,4976,29,,,,,4972.5,11661.5
2210,-2,110500,BANANAS,4970,23,,,,,4975,9,4976.0,1.0,4977.0,22.0,4972.5,11038.0
2212,-2,110600,BANANAS,4969,23,,,,,4976,23,,,,,4972.5,11393.5
2214,-2,110700,BANANAS,4970,22,,,,,4977,22,,,,,4973.5,10891.0
2216,-2,110800,BANANAS,4969,27,,,,,4976,27,,,,,4972.5,11227.5
2218,-2,110900,BANANAS,4970,2,4969.0,30.0,,,4976,32,,,,,4973.0,11292.0
2220,-2,111000,BANANAS,4970,9,4969.0,27.0,,,4976,28,,,,,4973.0,11150.0
2222,-2,111100,BANANAS,4971,9,4970.0,21.0,,,4977,21,,,,,4974.0,10347.0
2224,-2,111200,BANANAS,4971,27,,,,,4977,1,4978.0,26.0,,,4974.0,9998.0
2227,-2,111300,BANANAS,4970,20,,,,,4977,20,,,,,4973.5,10157.5
2229,-2,111400,BANANAS,4971,28,,,,,4978,28,,,,,4974.5,9645.5
2231,-2,111500,BANANAS,4971,25,,,,,4976,8,4978.0,25.0,,,4973.5,9730.0
2233,-2,111600,BANANAS,4976,1,4971.0,31.0,,,4977,2,4978.0,29.0,,,4976.5,10040.5
2235,-2,111700,BANANAS,4971,28,,,,,4977,2,4978.0,26.0,,,4974.0,9865.5
2237,-2,111800,BANANAS,4971,26,,,,,4978,26,,,,,4974.5,9829.0
2239,-2,111900,BANANAS,4971,26,,,,,4978,26,,,,,4974.5,9457.0
2240,-2,112000,BANANAS,4971,28,,,,,4976,8,4978.0,28.0,,,4973.5,9673.0
2242,-2,112100,BANANAS,4971,25,,,,,4978,25,,,,,4974.5,9524.5
2245,-2,112200,BANANAS,4971,29,,,,,4976,6,4978.0,29.0,,,4973.5,9276.5
2247,-2,112300,BANANAS,4972,7,4971.0,21.0,,,4978,23,,,,,4975.0,9165.5
2248,-2,112400,BANANAS,4972,2,4971.0,27.0,,,4976,1,4978.0,29.0,,,4974.0,9179.5
2250,-2,112500,BANANAS,4971,27,,,,,4978,27,,,,,4974.5,9455.5
2253,-2,112600,BANANAS,4972,30,,,,,4978,1,4979.0,29.0,,,4975.0,9101.0
2255,-2,112700,BANANAS,4972,22,,,,,4978,1,4979.0,21.0,,,4975.0,9048.0
2256,-2,112800,BANANAS,4972,22,,,,,4979,22,,,,,4975.5,8854.0
2258,-2,112900,BANANAS,4972,23,,,,,4979,23,,,,,4975.5,8992.5
2261,-2,113000,BANANAS,4973,10,4972.0,24.0,,,4978,1,4979.0,23.0,,,4975.5,8988.5
2263,-2,113100,BANANAS,4977,1,4972.0,1.0,4971.0,24.0,4978,25,,,,,4977.5,9396.5
2264,-2,113200,BANANAS,4976,1,4972.0,6.0,4971.0,28.0,4978,28,,,,,4977.0,9367.0
2266,-2,113300,BANANAS,4976,1,4972.0,21.0,,,4978,1,4979.0,20.0,,,4977.0,9066.5
2269,-2,113400,BANANAS,4972,21,,,,,4978,1,4979.0,20.0,,,4975.0,9031.5
2271,-2,113500,BANANAS,4972,20,,,,,4979,20,,,,,4975.5,8696.5
2273,-2,113600,BANANAS,4972,28,,,,,4973,1,4979.0,28.0,,,4972.5,8573.5
2275,-2,113700,BANANAS,4978,1,4973.0,26.0,,,4979,2,4980.0,24.0,,,4978.5,8036.5
2277,-2,113800,BANANAS,4973,28,,,,,4979,2,4980.0,26.0,,,4976.0,8114.5
2279,-2,113900,BANANAS,4977,11,4972.0,28.0,,,4979,28,,,,,4978.0,8756.5
2281,-2,114000,BANANAS,4972,26,,,,,4979,26,,,,,4975.5,8586.0
2283,-2,114100,BANANAS,4972,28,,,,,4979,28,,,,,4975.5,8652.0
2284,-2,114200,BANANAS,4972,28,,,,,4978,1,4979.0,27.0,,,4975.0,9038.5
2286,-2,114300,BANANAS,4972,21,,,,,4977,7,4979.0,22.0,,,4974.5,8778.5
2288,-2,114400,BANANAS,4976,5,4973.0,2.0,4972.0,25.0,4979,25,,,,,4977.5,8674.5
2290,-2,114500,BANANAS,4972,28,,,,,4979,28,,,,,4975.5,8499.0
2292,-2,114600,BANANAS,4972,21,,,,,4979,21,,,,,4975.5,8631.0
2294,-2,114700,BANANAS,4972,26,,,,,4975,6,4979.0,26.0,,,4973.5,8554.0
2296,-2,114800,BANANAS,4972,31,,,,,4979,31,,,,,4975.5,8454.0
2298,-2,114900,BANANAS,4973,25,,,,,4980,25,,,,,4976.5,7751.5
2300,-2,115000,BANANAS,4973,23,,,,,4976,4,4979.0,2.0,4980.0,22.0,4974.5,8020.5
2302,-2,115100,BANANAS,4973,26,,,,,4979,2,4980.0,24.0,,,4976.0,8025.5
2304,-2,115200,BANANAS,4973,21,,,,,4979,2,4980.0,20.0,,,4976.0,7879.0
2306,-2,115300,BANANAS,4972,28,,,,,4977,5,4979.0,28.0,,,4974.5,8566.5
2308,-2,115400,BANANAS,4971,26,,,,,4974,6,4978.0,26.0,,,4972.5,9204.0
2310,-2,115500,BANANAS,4973,2,4972.0,28.0,,,4979,30,,,,,4976.0,8333.5
2312,-2,115600,BANANAS,4973,2,4972.0,27.0,,,4979,27,,,,,4976.0,9041.0
2315,-2,115700,BANANAS,4973,10,4972.0,25.0,,,4979,25,,,,,4976.0,8811.5
2317,-2,115800,BANANAS,4977,1,4972.0,1.0,4971.0,30.0,4978,31,,,,,4977.5,9151.5
2319,-2,115900,BANANAS,4971,23,,,,,4978,23,,,,,4974.5,9459.5
2321,-2,116000,BANANAS,4971,3,4970.0,26.0,,,4977,27,,,,,4974.0,10253.5
2323,-2,116100,BANANAS,4970,32,,,,,4975,3,4977.0,32.0,,,4972.5,10614.5
2325,-2,116200,BANANAS,4971,1,4970.0,22.0,,,4977,23,,,,,4974.0,10301.5
2327,-2,116300,BANANAS,4973,2,4970.0,25.0,,,4977,25,,,,,4975.0,10857.5
2329,-2,116400,BANANAS,4970,23,,,,,4977,23,,,,,4973.5,10620.5
2331,-2,116500,BANANAS,4970,30,,,,,4977,30,,,,,4973.5,10495.5
2332,-2,116600,BANANAS,4972,2,4971.0,22.0,,,4978,22,,,,,4975.0,9689.0
2335,-2,116700,BANANAS,4976,1,4972.0,7.0,4971.0,30.0,4977,1,4978.0,29.0,,,4976.5,9880.0
2336,-2,116800,BANANAS,4971,25,,,,,4978,25,,,,,4974.5,9376.5
2339,-2,116900,BANANAS,4973,5,4972.0,32.0,,,4978,2,4979.0,30.0,,,4975.5,9021.5
2340,-2,117000,BANANAS,4973,8,4972.0,24.0,,,4978,24,,,,,4975.5,9137.5
2343,-2,117100,BANANAS,4971,27,,,,,4976,1,4978.0,27.0,,,4973.5,9803.5
2344,-2,117200,BANANAS,4972,2,4971.0,24.0,,,4976,5,4978.0,26.0,,,4974.0,9200.5
2347,-2,117300,BANANAS,4971,27,,,,,4978,27,,,,,4974.5,9747.5
2348,-2,117400,BANANAS,4971,28,,,,,4977,2,4978.0,26.0,,,4974.0,9938.0
2351,-2,117500,BANANAS,4971,26,,,,,4976,1,4978.0,26.0,,,4973.5,9584.5
2352,-2,117600,BANANAS,4973,6,4972.0,23.0,,,4978,23,,,,,4975.5,9139.0
2355,-2,117700,BANANAS,4971,27,,,,,4976,3,4978.0,27.0,,,4973.5,9480.5
2356,-2,117800,BANANAS,4971,26,,,,,4978,26,,,,,4974.5,9494.5
2359,-2,117900,BANANAS,4972,3,4971.0,22.0,,,4978,22,,,,,4975.0,9598.5
2361,-2,118000,BANANAS,4972,28,,,,,4978,28,,,,,4975.0,9126.0
2363,-2,118100,BANANAS,4973,29,,,,,4977,1,4979.0,29.0,,,4975.0,8119.0
2365,-2,118200,BANANAS,4972,29,,,,,4973,7,4979.0,29.0,,,4972.5,8854.0
2367,-2,118300,BANANAS,4972,26,,,,,4979,26,,,,,4975.5,8468.5
2369,-2,118400,BANANAS,4971,23,,,,,4978,23,,,,,4974.5,9624.0
2371,-2,118500,BANANAS,4972,3,4971.0,30.0,,,4978,30,,,,,4975.0,9619.0
2373,-2,118600,BANANAS,4971,30,,,,,4976,10,4977.0,1.0,4978.0,30.0,4973.5,10065.0
2374,-2,118700,BANANAS,4971,28,,,,,4978,28,,,,,4974.5,9260.0
2376,-2,118800,BANANAS,4972,1,4971.0,28.0,,,4978,29,,,,,4975.0,9193.5
2378,-2,118900,BANANAS,4971,29,,,,,4978,29,,,,,4974.5,9492.5
2380,-2,119000,BANANAS,4976,1,4971.0,32.0,,,4978,32,,,,,4977.0,9695.0
2382,-2,119100,BANANAS,4971,23,,,,,4977,1,4978.0,22.0,,,4974.0,9928.5
2384,-2,119200,BANANAS,4971,27,,,,,4978,27,,,,,4974.5,9853.0
2386,-2,119300,BANANAS,4971,29,,,,,4976,5,4977.0,2.0,4978.0,27.0,4973.5,9918.0
2388,-2,119400,BANANAS,4971,24,,,,,4978,24,,,,,4974.5,9655.0
2390,-2,119500,BANANAS,4973,6,4972.0,27.0,,,4978,1,4979.0,26.0,,,4975.5,8996.5
2392,-2,119600,BANANAS,4972,21,,,,,4979,21,,,,,4975.5,8711.5
2394,-2,119700,BANANAS,4972,1,4971.0,28.0,,,4978,30,,,,,4975.0,9210.0
2396,-2,119800,BANANAS,4972,4,4971.0,31.0,,,4977,2,4978.0,29.0,,,4974.5,9874.0
2398,-2,119900,BANANAS,4970,27,,,,,4975,2,4977.0,27.0,,,4972.5,10183.5
2400,-2,120000,BANANAS,4972,2,4971.0,23.0,,,4978,23,,,,,4975.0,9754.0
2402,-2,120100,BANANAS,4971,27,,,,,4976,6,4977.0,1.0,4978.0,26.0,4973.5,9892.0
2405,-2,120200,BANANAS,4970,21,,,,,4971,1,4975.0,8.0,4977.0,21.0,4970.5,10165.5
2407,-2,120300,BANANAS,4971,29,,,,,4977,29,,,,,4974.0,10109.5
2409,-2,120400,BANANAS,4970,31,,,,,4977,31,,,,,4973.5,10689.0
2411,-2,120500,BANANAS,4970,31,,,,,4974,4,4976.0,31.0,,,4972.0,11155.0
2413,-2,120600,BANANAS,4970,28,,,,,4976,1,4977.0,27.0,,,4973.0,10947.5
2415,-2,120700,BANANAS,4970,28,,,,,4976,1,4977.0,28.0,,,4973.0,11069.0
2417,-2,120800,BANANAS,4975,1,4970.0,5.0,4969.0,28.0,4976,29,,,,,4975.5,11255.5
2419,-2,120900,BANANAS,4970,30,,,,,4976,30,,,,,4973.0,11128.5
2420,-2,121000,BANANAS,4974,3,4970.0,2.0,4969.0,25.0,4976,27,,,,,4975.0,11368.5
2422,-2,121100,BANANAS,4969,27,,,,,4976,27,,,,,4972.5,11650.5
2425,-2,121200,BANANAS,4969,24,,,,,4976,24,,,,,4972.5,11839.0
2427,-2,121300,BANANAS,4969,23,,,,,4976,23,,,,,4972.5,11593.5
2428,-2,121400,BANANAS,4969,26,,,,,4971,5,4976.0,26.0,,,4970.0,11570.0
2430,-2,121500,BANANAS,4969,25,,,,,4975,2,4976.0,23.0,,,4972.0,12059.5
2433,-2,121600,BANANAS,4969,30,,,,,4975,30,,,,,4972.0,12184.0
2435,-2,121700,BANANAS,4969,27,,,,,4976,27,,,,,4972.5,11920.0
2436,-2,121800,BANANAS,4970,1,4969.0,22.0,,,4976,23,,,,,4973.0,11155.0
2438,-2,121900,BANANAS,4969,24,,,,,4976,24,,,,,4972.5,11623.0
2441,-2,122000,BANANAS,4969,22,,,,,4976,22,,,,,4972.5,11485.5
2443,-2,122100,BANANAS,4970,9,4969.0,21.0,,,4976,21,,,,,4973.0,11592.5
2444,-2,122200,BANANAS,4969,20,,,,,4976,20,,,,,4972.5,11255.5
2446,-2,122300,BANANAS,4971,7,4970.0,32.0,,,4976,2,4977.0,30.0,,,4973.5,11072.0
2449,-2,122400,BANANAS,4970,20,,,,,4977,20,,,,,4973.5,10470.0
2451,-2,122500,BANANAS,4971,4,4970.0,21.0,,,4977,22,,,,,4974.0,10258.5
2453,-2,122600,BANANAS,4970,29,,,,,4977,29,,,,,4973.5,10482.5
2455,-2,122700,BANANAS,4970,26,,,,,4975,10,4977.0,27.0,,,4972.5,10700.5
2457,-2,122800,BANANAS,4970,26,,,,,4977,26,,,,,4973.5,10535.0
2459,-2,122900,BANANAS,4971,1,4970.0,27.0,,,4977,28,,,,,4974.0,10374.0
2461,-2,123000,BANANAS,4971,24,,,,,4972,1,4978.0,24.0,,,4971.5,9392.0
2462,-2,123100,BANANAS,4975,5,4972.0,32.0,,,4979,32,,,,,4977.0,8699.0
2464,-2,123200,BANANAS,4972,1,4971.0,29.0,,,4976,6,4978.0,30.0,,,4974.0,9184.5
2466,-2,123300,BANANAS,4972,28,,,,,4979,28,,,,,4975.5,9040.5
2468,-2,123400,BANANAS,4971,25,,,,,4978,25,,,,,4974.5,9591.0
2470,-2,123500,BANANAS,4971,2,4970.0,26.0,,,4977,26,,,,,4974.0,10276.0
2472,-2,123600,BANANAS,4971,28,,,,,4976,10,4978.0,28.0,,,4973.5,9969.5
2474,-2,123700,BANANAS,4971,31,,,,,4978,31,,,,,4974.5,9742.5
2476,-2,123800,BANANAS,4971,2,4970.0,22.0,,,4977,24,,,,,4974.0,10172.0
2478,-2,123900,BANANAS,4977,1,4971.0,27.0,,,4978,27,,,,,4977.5,9494.5
2480,-2,124000,BANANAS,4976,1,4971.0,28.0,,,4977,1,4978.0,27.0,,,4976.5,9899.0
2482,-2,124100,BANANAS,4971,4,4970.0,22.0,,,4977,22,,,,,4974.0,10410.0
2484,-2,124200,BANANAS,4971,25,,,,,4977,25,,,,,4974.0,10139.0
2486,-2,124300,BANANAS,4971,29,,,,,4978,29,,,,,4974.5,10069.0
2488,-2,124400,BANANAS,4971,21,,,,,4977,21,,,,,4974.0,10137.0
2490,-2,124500,BANANAS,4971,26,,,,,4977,26,,,,,4974.0,10166.0
2493,-2,124600,BANANAS,4971,22,,,,,4977,1,4978.0,21.0,,,4974.0,10073.0
2495,-2,124700,BANANAS,4971,26,,,,,4976,1,4978.0,26.0,,,4973.5,10132.5
2497,-2,124800,BANANAS,4971,10,4970.0,24.0,,,4977,25,,,,,4974.0,10205.0
2499,-2,124900,BANANAS,4970,30,,,,,4975,10,4977.0,30.0,,,4972.5,11001.5
2501,-2,125000,BANANAS,4969,28,,,,,4971,1,4976.0,28.0,,,4970.0,11569.0
2503,-2,125100,BANANAS,4970,1,4969.0,30.0,,,4976,32,,,,,4973.0,11310.5
2505,-2,125200,BANANAS,4969,26,,,,,4971,1,4976.0,26.0,,,4970.0,11607.5
2507,-2,125300,BANANAS,4969,27,,,,,4976,27,,,,,4972.5,11377.5
2508,-2,125400,BANANAS,4970,32,,,,,4977,32,,,,,4973.5,10864.0
2511,-2,125500,BANANAS,4970,28,,,,,4976,2,4977.0,26.0,,,4973.0,11007.5
2512,-2,125600,BANANAS,4970,29,,,,,4971,2,4977.0,29.0,,,4970.5,10889.0
2515,-2,125700,BANANAS,4971,27,,,,,4977,2,4978.0,25.0,,,4974.0,10012.5
2516,-2,125800,BANANAS,4971,22,,,,,4976,2,4978.0,22.0,,,4973.5,9720.0
2519,-2,125900,BANANAS,4973,10,4972.0,23.0,,,4978,2,4979.0,21.0,,,4975.5,8942.0
2520,-2,126000,BANANAS,4972,30,,,,,4979,30,,,,,4975.5,8295.0
2523,-2,126100,BANANAS,4973,26,,,,,4978,6,4979.0,1.0,4980.0,25.0,4975.5,7977.5
2524,-2,126200,BANANAS,4973,29,,,,,4977,7,4979.0,29.0,,,4975.0,8025.5
2527,-2,126300,BANANAS,4972,28,,,,,4979,28,,,,,4975.5,8382.5
2528,-2,126400,BANANAS,4975,1,4972.0,30.0,,,4978,1,4979.0,29.0,,,4976.5,8853.0
2531,-2,126500,BANANAS,4975,5,4973.0,10.0,4972.0,27.0,4979,27,,,,,4977.0,8648.5
2532,-2,126600,BANANAS,4972,26,,,,,4975,1,4979.0,26.0,,,4973.5,8451.5
2535,-2,126700,BANANAS,4977,3,4972.0,26.0,,,4979,26,,,,,4978.0,8536.5
2536,-2,126800,BANANAS,4973,2,4972.0,23.0,,,4977,1,4979.0,25.0,,,4975.0,8176.0
2539,-2,126900,BANANAS,4972,25,,,,,4979,25,,,,,4975.5,8434.5
2541,-2,127000,BANANAS,4973,28,,,,,4980,28,,,,,4976.5,7963.0
2543,-2,127100,BANANAS,4973,20,,,,,4980,20,,,,,4976.5,7946.5
2545,-2,127200,BANANAS,4973,24,,,,,4978,2,4979.0,2.0,4980.0,22.0,4975.5,7963.0
2547,-2,127300,BANANAS,4973,23,,,,,4979,1,4980.0,23.0,,,4976.0,7961.0
2549,-2,127400,BANANAS,4973,24,,,,,4979,24,,,,,4976.0,8004.0
2551,-2,127500,BANANAS,4974,24,,,,,4980,24,,,,,4977.0,6945.0
2552,-2,127600,BANANAS,4973,21,,,,,4980,22,,,,,4976.5,7629.0
2554,-2,127700,BANANAS,4973,26,,,,,4980,26,,,,,4976.5,7554.5
2556,-2,127800,BANANAS,4974,2,4973.0,22.0,,,4980,24,,,,,4977.0,7024.5
2558,-2,127900,BANANAS,4974,28,,,,,4979,2,4980.0,1.0,4981.0,27.0,4976.5,6719.5
2560,-2,128000,BANANAS,4974,27,,,,,4980,2,4981.0,25.0,,,4977.0,6849.5
2562,-2,128100,BANANAS,4975,1,4974.0,25.0,,,4981,26,,,,,4978.0,6124.0
2564,-2,128200,BANANAS,4974,22,,,,,4981,22,,,,,4977.5,6583.5
2566,-2,128300,BANANAS,4973,22,,,,,4980,22,,,,,4976.5,7144.5
2568,-2,128400,BANANAS,4975,6,4974.0,31.0,,,4980,1,4981.0,30.0,,,4977.5,6901.5
2570,-2,128500,BANANAS,4973,28,,,,,4978,2,4980.0,28.0,,,4975.5,7526.5
2572,-2,128600,BANANAS,4972,31,,,,,4977,4,4979.0,31.0,,,4974.5,8547.5
2574,-2,128700,BANANAS,4973,1,4972.0,28.0,,,4979,29,,,,,4976.0,8170.0
2576,-2,128800,BANANAS,4978,1,4973.0,24.0,,,4979,2,4980.0,22.0,,,4978.5,7844.0
2578,-2,128900,BANANAS,4973,25,,,,,4980,25,,,,,4976.5,7530.5
2580,-2,129000,BANANAS,4974,5,4973.0,22.0,,,4980,22,,,,,4977.0,7741.0
2583,-2,129100,BANANAS,4973,29,,,,,4980,29,,,,,4976.5,7663.5
2585,-2,129200,BANANAS,4972,30,,,,,4979,30,,,,,4975.5,8078.0
2587,-2,129300,BANANAS,4973,28,,,,,4980,28,,,,,4976.5,7325.5
2589,-2,129400,BANANAS,4973,24,,,,,4980,24,,,,,4976.5,6986.0
2591,-2,129500,BANANAS,4975,7,4974.0,25.0,,,4980,1,4981.0,24.0,,,4977.5,6668.0
2593,-2,129600,BANANAS,4978,1,4973.0,29.0,,,4980,29,,,,,4979.0,7511.0
2595,-2,129700,BANANAS,4973,20,,,,,4974,1,4980.0,20.0,,,4973.5,7164.5
2597,-2,129800,BANANAS,4974,20,,,,,4975,10,4981.0,21.0,,,4974.5,6457.5
2599,-2,129900,BANANAS,4974,27,,,,,4981,27,,,,,4977.5,5927.5
2600,-2,130000,BANANAS,4975,23,,,,,4981,1,4982.0,22.0,,,4978.0,5584.0
2602,-2,130100,BANANAS,4975,31,,,,,4981,1,4982.0,30.0,,,4978.0,5585.0
2605,-2,130200,BANANAS,4979,4,4978.0,4.0,4976.0,1.0,4981,2,4982.0,23.0,,,4980.0,5736.5
2607,-2,130300,BANANAS,4975,29,,,,,4982,30,,,,,4978.5,5471.5
2608,-2,130400,BANANAS,4975,26,,,,,4976,10,4978.0,6.0,4982.0,27.0,4975.5,5301.0
2610,-2,130500,BANANAS,4980,3,4975.0,31.0,,,4982,31,,,,,4981.0,5199.0
2613,-2,130600,BANANAS,4980,1,4975.0,25.0,,,4982,25,,,,,4981.0,5340.0
2615,-2,130700,BANANAS,4977,2,4976.0,25.0,,,4979,3,4982.0,1.0,4983.0,24.0,4978.0,4603.0
2616,-2,130800,BANANAS,4975,24,,,,,4982,24,,,,,4978.5,5116.5
2618,-2,130900,BANANAS,4975,31,,,,,4982,31,,,,,4978.5,5127.0
2621,-2,131000,BANANAS,4978,6,4975.0,27.0,,,4982,27,,,,,4980.0,5382.5
2623,-2,131100,BANANAS,4976,1,4975.0,22.0,,,4982,24,,,,,4979.0,4928.0
2624,-2,131200,BANANAS,4976,29,,,,,4977,3,4983.0,29.0,,,4976.5,4300.0
2627,-2,131300,BANANAS,4977,8,4976.0,26.0,,,4983,27,,,,,4980.0,3755.0
2629,-2,131400,BANANAS,4977,30,,,,,4983,1,4984.0,29.0,,,4980.0,3424.0
2631,-2,131500,BANANAS,4976,22,,,,,4983,22,,,,,4979.5,4041.0
2633,-2,131600,BANANAS,4978,1,4977.0,20.0,,,4984,20,,,,,4981.0,3128.0
2635,-2,131700,BANANAS,4977,24,,,,,4982,4,4984.0,24.0,,,4979.5,2901.5
2637,-2,131800,BANANAS,4977,30,,,,,4984,30,,,,,4980.5,2950.0
2639,-2,131900,BANANAS,4978,9,4977.0,23.0,,,4984,23,,,,,4981.0,2941.5
2640,-2,132000,BANANAS,4977,25,,,,,4984,25,,,,,4980.5,3091.5
2642,-2,132100,BANANAS,4978,7,4977.0,30.0,,,4984,30,,,,,4981.0,2909.5
2644,-2,132200,BANANAS,4978,1,4977.0,22.0,,,4984,22,,,,,4981.0,2774.0
2646,-2,132300,BANANAS,4977,27,,,,,4984,27,,,,,4980.5,2933.5
2648,-2,132400,BANANAS,4976,25,,,,,4981,9,4983.0,25.0,,,4978.5,4061.5
2650,-2,132500,BANANAS,4976,31,,,,,4979,1,4983.0,31.0,,,4977.5,4078.0
2652,-2,132600,BANANAS,4976,25,,,,,4983,25,,,,,4979.5,3869.0
2654,-2,132700,BANANAS,4977,1,4976.0,23.0,,,4983,24,,,,,4980.0,3638.0
2656,-2,132800,BANANAS,4977,4,4976.0,21.0,,,4983,22,,,,,4980.0,3707.0
2658,-2,132900,BANANAS,4977,26,,,,,4982,7,4984.0,26.0,,,4979.5,3508.0
2660,-2,133000,BANANAS,4977,22,,,,,4984,22,,,,,4980.5,3056.5
2662,-2,133100,BANANAS,4977,30,,,,,4984,30,,,,,4980.5,3264.5
2664,-2,133200,BANANAS,4977,26,,,,,4984,26,,,,,4980.5,2619.5
2666,-2,133300,BANANAS,4977,25,,,,,4984,25,,,,,4980.5,3481.0
2668,-2,133400,BANANAS,4976,22,,,,,4983,22,,,,,4979.5,4037.0
2671,-2,133500,BANANAS,4976,20,,,,,4983,20,,,,,4979.5,4440.0
2673,-2,133600,BANANAS,4975,26,,,,,4982,26,,,,,4978.5,5517.0
2675,-2,133700,BANANAS,4975,2,4974.0,27.0,,,4981,29,,,,,4978.0,5958.0
2677,-2,133800,BANANAS,4975,26,,,,,4982,26,,,,,4978.5,5412.5
2679,-2,133900,BANANAS,4976,2,4975.0,25.0,,,4980,7,4982.0,27.0,,,4978.0,4866.0
2681,-2,134000,BANANAS,4976,2,4975.0,27.0,,,4982,29,,,,,4979.0,4823.5
2683,-2,134100,BANANAS,4976,29,,,,,4983,29,,,,,4979.5,4066.0
2684,-2,134200,BANANAS,4981,10,4976.0,27.0,,,4983,27,,,,,4982.0,3961.0
2687,-2,134300,BANANAS,4981,1,4976.0,27.0,,,4983,27,,,,,4982.0,4197.5
2688,-2,134400,BANANAS,4977,4,4976.0,26.0,,,4983,26,,,,,4980.0,4090.5
2691,-2,134500,BANANAS,4977,1,4976.0,26.0,,,4983,26,,,,,4980.0,4152.5
2692,-2,134600,BANANAS,4977,2,4976.0,24.0,,,4983,26,,,,,4980.0,3825.5
2695,-2,134700,BANANAS,4976,31,,,,,4977,5,4982.0,1.0,4983.0,30.0,4976.5,4495.0
2696,-2,134800,BANANAS,4976,23,,,,,4983,23,,,,,4979.5,4039.0
2699,-2,134900,BANANAS,4976,29,,,,,4981,5,4983.0,29.0,,,4978.5,4245.0
2700,-2,135000,BANANAS,4976,22,,,,,4983,22,,,,,4979.5,3864.0
2703,-2,135100,BANANAS,4976,26,,,,,4981,6,4983.0,26.0,,,4978.5,4553.5
2704,-2,135200,BANANAS,4975,23,,,,,4982,23,,,,,4978.5,4741.5
2707,-2,135300,BANANAS,4976,25,,,,,4982,26,,,,,4979.0,4704.5
2708,-2,135400,BANANAS,4976,21,,,,,4981,3,4983.0,21.0,,,4978.5,4302.0
2711,-2,135500,BANANAS,4976,1,4975.0,24.0,,,4982,25,,,,,4979.0,4816.0
2712,-2,135600,BANANAS,4976,25,,,,,4977,1,4983.0,25.0,,,4976.5,4064.0
2715,-2,135700,BANANAS,4977,7,4976.0,26.0,,,4979,3,4983.0,26.0,,,4978.0,3844.0
2717,-2,135800,BANANAS,4976,26,,,,,4981,8,4983.0,26.0,,,4978.5,4082.5
2719,-2,135900,BANANAS,4977,24,,,,,4983,24,,,,,4980.0,3534.0
2721,-2,136000,BANANAS,4977,29,,,,,4983,1,4984.0,28.0,,,4980.0,3488.0
2723,-2,136100,BANANAS,4977,28,,,,,4982,9,4984.0,28.0,,,4979.5,2965.5
2725,-2,136200,BANANAS,4979,5,4978.0,20.0,,,4985,20,,,,,4982.0,1916.0
2727,-2,136300,BANANAS,4978,25,,,,,4985,25,,,,,4981.5,1569.5
2729,-2,136400,BANANAS,4978,25,,,,,4985,25,,,,,4981.5,1808.5
2730,-2,136500,BANANAS,4978,25,,,,,4985,26,,,,,4981.5,1999.0
2732,-2,136600,BANANAS,4978,29,,,,,4985,29,,,,,4981.5,1743.0
2734,-2,136700,BANANAS,4978,29,,,,,4985,29,,,,,4981.5,1613.0
2736,-2,136800,BANANAS,4978,23,,,,,4985,23,,,,,4981.5,1991.5
2738,-2,136900,BANANAS,4978,25,,,,,4985,26,,,,,4981.5,2292.5
2740,-2,137000,BANANAS,4978,28,,,,,4985,28,,,,,4981.5,1991.0
2742,-2,137100,BANANAS,4979,31,,,,,4986,31,,,,,4982.5,927.5
2744,-2,137200,BANANAS,4978,22,,,,,4985,22,,,,,4981.5,2121.5
2746,-2,137300,BANANAS,4978,31,,,,,4985,31,,,,,4981.5,1794.0
2748,-2,137400,BANANAS,4978,24,,,,,4983,1,4985.0,24.0,,,4980.5,1890.5
2750,-2,137500,BANANAS,4978,25,,,,,4983,9,4985.0,25.0,,,4980.5,1540.5
2752,-2,137600,BANANAS,4980,4,4979.0,25.0,,,4986,25,,,,,4983.0,1147.5
2754,-2,137700,BANANAS,4980,8,4979.0,29.0,,,4985,1,4986.0,28.0,,,4982.5,1124.0
2756,-2,137800,BANANAS,4978,30,,,,,4985,30,,,,,4981.5,1586.5
2758,-2,137900,BANANAS,4979,7,4978.0,27.0,,,4984,1,4985.0,26.0,,,4981.5,2221.5
2761,-2,138000,BANANAS,4977,26,,,,,4980,1,4984.0,26.0,,,4978.5,3073.5
2763,-2,138100,BANANAS,4982,2,4978.0,11.0,4977.0,30.0,4984,32,,,,,4983.0,2519.5
2765,-2,138200,BANANAS,4978,1,4977.0,30.0,,,4984,31,,,,,4981.0,2618.0
2767,-2,138300,BANANAS,4983,1,4977.0,32.0,,,4984,32,,,,,4983.5,2864.5
2769,-2,138400,BANANAS,4977,25,,,,,4984,25,,,,,4980.5,2992.0
2771,-2,138500,BANANAS,4977,2,4976.0,29.0,,,4983,31,,,,,4980.0,3602.0
2773,-2,138600,BANANAS,4977,24,,,,,4983,1,4984.0,23.0,,,4980.0,3464.5
2774,-2,138700,BANANAS,4977,22,,,,,4984,22,,,,,4980.5,2865.5
2777,-2,138800,BANANAS,4983,1,4978.0,31.0,,,4984,2,4985.0,29.0,,,4983.5,2348.5
2779,-2,138900,BANANAS,4978,3,4977.0,22.0,,,4984,22,,,,,4981.0,3061.5
2780,-2,139000,BANANAS,4983,1,4977.0,20.0,,,4984,20,,,,,4983.5,2442.5
2782,-2,139100,BANANAS,4977,24,,,,,4984,24,,,,,4980.5,2791.5
2785,-2,139200,BANANAS,4976,26,,,,,4983,26,,,,,4979.5,3662.0
2787,-2,139300,BANANAS,4976,30,,,,,4983,30,,,,,4979.5,4222.0
2788,-2,139400,BANANAS,4976,22,,,,,4982,1,4983.0,21.0,,,4979.0,4662.5
2790,-2,139500,BANANAS,4981,1,4976.0,21.0,,,4983,21,,,,,4982.0,4666.5
2793,-2,139600,BANANAS,4975,23,,,,,4982,23,,,,,4978.5,5136.5
2795,-2,139700,BANANAS,4975,30,,,,,4981,30,,,,,4978.0,5824.0
2796,-2,139800,BANANAS,4975,1,4974.0,26.0,,,4981,27,,,,,4978.0,5945.0
2798,-2,139900,BANANAS,4975,25,,,,,4982,25,,,,,4978.5,5071.5
2801,-2,140000,BANANAS,4976,1,4975.0,26.0,,,4982,26,,,,,4979.0,5368.0
2803,-2,140100,BANANAS,4975,28,,,,,4977,5,4982.0,28.0,,,4976.0,5153.5
2805,-2,140200,BANANAS,4975,23,,,,,4980,1,4982.0,23.0,,,4977.5,5110.0
2807,-2,140300,BANANAS,4976,25,,,,,4983,25,,,,,4979.5,3889.0
2809,-2,140400,BANANAS,4981,1,4975.0,29.0,,,4982,29,,,,,4981.5,4762.5
2811,-2,140500,BANANAS,4976,28,,,,,4981,2,4983.0,28.0,,,4978.5,4260.0
2813,-2,140600,BANANAS,4976,2,4975.0,28.0,,,4982,30,,,,,4979.0,4850.0
2815,-2,140700,BANANAS,4976,9,4975.0,29.0,,,4978,3,4982.0,29.0,,,4977.0,5125.5
2817,-2,140800,BANANAS,4975,29,,,,,4976,1,4982.0,29.0,,,4975.5,5171.5
2818,-2,140900,BANANAS,4976,22,,,,,4977,1,4981.0,4.0,4983.0,22.0,4976.5,3702.0
2820,-2,141000,BANANAS,4976,30,,,,,4983,30,,,,,4979.5,4054.5
2822,-2,141100,BANANAS,4980,12,4976.0,2.0,4975.0,21.0,4982,23,,,,,4981.0,4925.0
2824,-2,141200,BANANAS,4977,10,4976.0,23.0,,,4983,23,,,,,4980.0,4337.5
2826,-2,141300,BANANAS,4975,27,,,,,4982,27,,,,,4978.5,4728.5
2828,-2,141400,BANANAS,4981,1,4976.0,2.0,4975.0,23.0,4982,25,,,,,4981.5,4842.5
2830,-2,141500,BANANAS,4976,1,4975.0,30.0,,,4982,31,,,,,4979.0,4857.5
2832,-2,141600,BANANAS,4981,1,4976.0,2.0,4975.0,26.0,4982,28,,,,,4981.5,4813.0
2834,-2,141700,BANANAS,4976,2,4975.0,30.0,,,4982,32,,,,,4979.0,4895.0
2836,-2,141800,BANANAS,4976,1,4975.0,30.0,,,4982,31,,,,,4979.0,4771.5
2838,-2,141900,BANANAS,4976,22,,,,,4977,2,4982.0,2.0,4983.0,20.0,4976.5,4591.5
2840,-2,142000,BANANAS,4976,21,,,,,4981,1,4983.0,21.0,,,4978.5,4190.0
2842,-2,142100,BANANAS,4976,21,,,,,4983,21,,,,,4979.5,4390.5
2844,-2,142200,BANANAS,4975,28,,,,,4982,28,,,,,4978.5,4741.0
2846,-2,142300,BANANAS,4975,26,,,,,4982,26,,,,,4978.5,5239.0
2849,-2,142400,BANANAS,4976,2,4975.0,30.0,,,4982,32,,,,,4979.0,4963.0
2851,-2,142500,BANANAS,4975,23,,,,,4982,23,,,,,4978.5,4988.5
2853,-2,142600,BANANAS,4975,25,,,,,4982,25,,,,,4978.5,4731.0
2855,-2,142700,BANANAS,4976,27,,,,,4983,27,,,,,4979.5,4480.0
2857,-2,142800,BANANAS,4982,1,4976.0,29.0,,,4983,29,,,,,4982.5,3693.0
2859,-2,142900,BANANAS,4977,4,4976.0,20.0,,,4983,20,,,,,4980.0,3599.5
2861,-2,143000,BANANAS,4977,24,,,,,4983,1,4984.0,23.0,,,4980.0,3281.5
2863,-2,143100,BANANAS,4976,28,,,,,4981,5,4983.0,28.0,,,4978.5,3851.0
2864,-2,143200,BANANAS,4976,26,,,,,4983,26,,,,,4979.5,4356.0
2867,-2,143300,BANANAS,4976,24,,,,,4983,25,,,,,4979.5,4498.5
2868,-2,143400,BANANAS,4975,31,,,,,4982,31,,,,,4978.5,5076.0
2871,-2,143500,BANANAS,4975,24,,,,,4982,24,,,,,4978.5,4750.0
2872,-2,143600,BANANAS,4975,29,,,,,4980,7,4982.0,29.0,,,4977.5,5383.0
2875,-2,143700,BANANAS,4975,30,,,,,4980,3,4982.0,30.0,,,4977.5,5351.5
2876,-2,143800,BANANAS,4975,9,4974.0,27.0,,,4981,27,,,,,4978.0,6517.5
2879,-2,143900,BANANAS,4979,1,4974.0,23.0,,,4980,1,4981.0,22.0,,,4979.5,7040.0
2880,-2,144000,BANANAS,4973,20,,,,,4980,20,,,,,4976.5,7201.5
2883,-2,144100,BANANAS,4974,1,4973.0,28.0,,,4980,29,,,,,4977.0,7325.5
2884,-2,144200,BANANAS,4973,31,,,,,4979,1,4980.0,30.0,,,4976.0,8176.5
2887,-2,144300,BANANAS,4973,28,,,,,4978,2,4979.0,2.0,4980.0,26.0,4975.5,8128.5
2888,-2,144400,BANANAS,4974,4,4973.0,29.0,,,4980,29,,,,,4977.0,7666.5
2891,-2,144500,BANANAS,4973,29,,,,,4980,29,,,,,4976.5,7360.5
2893,-2,144600,BANANAS,4974,10,4973.0,25.0,,,4980,25,,,,,4977.0,7673.5
2895,-2,144700,BANANAS,4974,6,4973.0,21.0,,,4980,21,,,,,4977.0,7953.5
2897,-2,144800,BANANAS,4978,1,4973.0,2.0,4972.0,29.0,4979,31,,,,,4978.5,8517.5
2899,-2,144900,BANANAS,4973,28,,,,,4980,28,,,,,4976.5,8221.5
2901,-2,145000,BANANAS,4978,1,4974.0,1.0,4973.0,22.0,4980,22,,,,,4979.0,7537.5
2903,-2,145100,BANANAS,4977,1,4973.0,26.0,,,4980,26,,,,,4978.5,7788.0
2905,-2,145200,BANANAS,4973,2,4972.0,24.0,,,4979,26,,,,,4976.0,8596.0
2907,-2,145300,BANANAS,4973,6,4972.0,22.0,,,4979,23,,,,,4976.0,8501.5
2908,-2,145400,BANANAS,4973,29,,,,,4979,1,4980.0,28.0,,,4976.0,8166.5
2910,-2,145500,BANANAS,4972,31,,,,,4977,3,4978.0,1.0,4979.0,30.0,4974.5,9460.5
2912,-2,145600,BANANAS,4972,28,,,,,4977,8,4978.0,1.0,4979.0,27.0,4974.5,9395.5
2914,-2,145700,BANANAS,4972,22,,,,,4977,7,4979.0,22.0,,,4974.5,8368.5
2916,-2,145800,BANANAS,4973,23,,,,,4978,4,4980.0,23.0,,,4975.5,7981.5
2918,-2,145900,BANANAS,4978,1,4974.0,9.0,4973.0,24.0,4980,24,,,,,4979.0,7720.5
2920,-2,146000,BANANAS,4979,1,4974.0,1.0,4973.0,22.0,4980,22,,,,,4979.5,7533.0
2922,-2,146100,BANANAS,4977,6,4974.0,30.0,,,4980,1,4981.0,29.0,,,4978.5,7028.0
2924,-2,146200,BANANAS,4973,29,,,,,4980,29,,,,,4976.5,7477.5
2926,-2,146300,BANANAS,4973,23,,,,,4980,23,,,,,4976.5,7881.5
2928,-2,146400,BANANAS,4974,7,4973.0,24.0,,,4980,24,,,,,4977.0,7695.0
2930,-2,146500,BANANAS,4973,25,,,,,4979,1,4980.0,24.0,,,4976.0,8022.5
2932,-2,146600,BANANAS,4973,27,,,,,4974,3,4980.0,27.0,,,4973.5,7900.5
