,day,timestamp,product,bid_price_1,bid_volume_1,bid_price_2,bid_volume_2,bid_price_3,bid_volume_3,ask_price_1,ask_volume_1,ask_price_2,ask_volume_2,ask_price_3,ask_volume_3,mid_price,profit_and_loss
1,-2,0,PEARLS,9996,1,9995.0,25.0,,,10004,1,10005.0,25.0,,,10000.0,0.0
3,-2,100,PEARLS,10000,5,9995.0,20.0,,,10005,20,,,,,10002.5,-8.0
4,-2,200,PEARLS,9996,1,9995.0,30.0,,,10004,1,10005.0,30.0,,,10000.0,-8.0
6,-2,300,PEARLS,9996,1,9995.0,26.0,,,10004,1,10005.0,26.0,,,10000.0,-8.0
8,-2,400,PEARLS,9995,20,,,,,9998,3,10002.0,9.0,10005.0,20.0,9996.5,-8.0
10,-2,500,PEARLS,9995,30,,,,,10005,30,,,,,10000.0,-8.0
12,-2,600,PEARLS,9995,30,,,,,10005,30,,,,,10000.0,-8.0
14,-2,700,PEARLS,9998,5,9996.0,1.0,9995.0,27.0,10004,1,10005.0,27.0,,,10001.0,-8.0
16,-2,800,PEARLS,9996,2,9995.0,21.0,,,10004,2,10005.0,21.0,,,10000.0,-8.0
18,-2,900,PEARLS,9995,30,,,,,10005,30,,,,,10000.0,-8.0
21,-2,1000,PEARLS,10002,1,9996.0,2.0,9995.0,22.0,10004,2,10005.0,22.0,,,10003.0,-8.0
22,-2,1100,PEARLS,9998,3,9996.0,1.0,9995.0,25.0,10004,1,10005.0,25.0,,,10001.0,-8.0
25,-2,1200,PEARLS,9998,6,9996.0,1.0,9995.0,27.0,10004,1,10005.0,27.0,,,10001.0,-8.0
26,-2,1300,PEARLS,10000,3,9995.0,23.0,,,10005,23,,,,,10002.5,-8.0
29,-2,1400,PEARLS,9995,26,,,,,9998,3,10005.0,26.0,,,9996.5,-8.0
30,-2,1500,PEARLS,9996,2,9995.0,25.0,,,10004,2,10005.0,25.0,,,10000.0,-8.0
33,-2,1600,PEARLS,9996,1,9995.0,23.0,,,10004,1,10005.0,23.0,,,10000.0,-4.0
34,-2,1700,PEARLS,9995,28,,,,,10002,6,10005.0,28.0,,,9998.5,-4.0
37,-2,1800,PEARLS,9998,10,9995.0,24.0,,,10005,24,,,,,10001.5,-4.0
38,-2,1900,PEARLS,9996,1,9995.0,25.0,,,10004,1,10005.0,25.0,,,10000.0,-4.0
41,-2,2000,PEARLS,9996,1,9995.0,30.0,,,10004,1,10005.0,30.0,,,10000.0,-4.0
42,-2,2100,PEARLS,9996,2,9995.0,20.0,,,10004,2,10005.0,20.0,,,10000.0,-4.0
45,-2,2200,PEARLS,10002,1,9996.0,1.0,9995.0,25.0,10004,1,10005.0,25.0,,,10003.0,-4.0
46,-2,2300,PEARLS,9996,2,9995.0,28.0,,,10004,2,10005.0,28.0,,,10000.0,-4.0
48,-2,2400,PEARLS,9995,30,,,,,10005,30,,,,,10000.0,-4.0
50,-2,2500,PEARLS,9995,21,,,,,9998,1,10005.0,21.0,,,9996.5,-4.0
52,-2,2600,PEARLS,9996,1,9995.0,21.0,,,10004,1,10005.0,21.0,,,10000.0,-6.0
54,-2,2700,PEARLS,9996,1,9995.0,26.0,,,10002,8,10004.0,1.0,10005.0,26.0,9999.0,-6.0
56,-2,2800,PEARLS,9995,28,,,,,10005,28,,,,,10000.0,-6.0
58,-2,2900,PEARLS,9995,30,,,,,10005,30,,,,,10000.0,-6.0
60,-2,3000,PEARLS,10002,3,9996.0,2.0,9995.0,26.0,10004,2,10005.0,26.0,,,10003.0,-6.0
62,-2,3100,PEARLS,9996,2,9995.0,23.0,,,10004,2,10005.0,23.0,,,10000.0,-6.0
65,-2,3200,PEARLS,9996,2,9995.0,26.0,,,10004,2,10005.0,26.0,,,10000.0,-6.0
67,-2,3300,PEARLS,9995,20,,,,,10005,20,,,,,10000.0,-10.0
69,-2,3400,PEARLS,9996,1,9995.0,22.0,,,10004,1,10005.0,22.0,,,10000.0,-20.0
71,-2,3500,PEARLS,9996,2,9995.0,29.0,,,10004,2,10005.0,29.0,,,10000.0,-20.0
73,-2,3600,PEARLS,9998,3,9995.0,26.0,,,10005,26,,,,,10001.5,-20.0
75,-2,3700,PEARLS,9996,2,9995.0,25.0,,,10004,2,10005.0,25.0,,,10000.0,10.0
77,-2,3800,PEARLS,9995,27,,,,,10002,7,10005.0,27.0,,,9998.5,10.0
79,-2,3900,PEARLS,9996,1,9995.0,25.0,,,10004,1,10005.0,25.0,,,10000.0,10.0
81,-2,4000,PEARLS,9998,2,9995.0,27.0,,,10005,27,,,,,10001.5,8.0
83,-2,4100,PEARLS,9998,8,9995.0,28.0,,,10005,28,,,,,10001.5,8.0
85,-2,4200,PEARLS,9998,6,9996.0,2.0,9995.0,23.0,10004,2,10005.0,23.0,,,10001.0,8.0
87,-2,4300,PEARLS,9995,26,,,,,10005,26,,,,,10000.0,20.0
89,-2,4400,PEARLS,9998,8,9996.0,1.0,9995.0,28.0,10004,1,10005.0,28.0,,,10001.0,20.0
91,-2,4500,PEARLS,9998,1,9996.0,1.0,9995.0,29.0,10004,1,10005.0,29.0,,,10001.0,20.0
93,-2,4600,PEARLS,9996,2,9995.0,29.0,,,10004,2,10005.0,29.0,,,10000.0,20.0
94,-2,4700,PEARLS,9996,1,9995.0,29.0,,,10002,3,10004.0,1.0,10005.0,29.0,9999.0,20.0
96,-2,4800,PEARLS,9996,2,9995.0,24.0,,,10002,6,10004.0,2.0,10005.0,24.0,9999.0,20.0
98,-2,4900,PEARLS,10002,1,9996.0,2.0,9995.0,22.0,10004,2,10005.0,22.0,,,10003.0,20.0
100,-2,5000,PEARLS,9996,1,9995.0,20.0,,,10002,1,10004.0,1.0,10005.0,20.0,9999.0,20.0
102,-2,5100,PEARLS,9996,2,9995.0,29.0,,,10004,2,10005.0,29.0,,,10000.0,20.0
104,-2,5200,PEARLS,9996,2,9995.0,25.0,,,10004,2,10005.0,25.0,,,10000.0,20.0
106,-2,5300,PEARLS,9996,1,9995.0,22.0,,,10004,1,10005.0,22.0,,,10000.0,20.0
108,-2,5400,PEARLS,9996,1,9995.0,29.0,,,10004,1,10005.0,29.0,,,10000.0,20.0
110,-2,5500,PEARLS,9998,7,9996.0,2.0,9995.0,28.0,10004,2,10005.0,28.0,,,10001.0,20.0
113,-2,5600,PEARLS,10000,6,9996.0,2.0,9995.0,30.0,10004,2,10005.0,30.0,,,10002.0,20.0
115,-2,5700,PEARLS,9995,29,,,,,10002,1,10005.0,29.0,,,9998.5,20.0
116,-2,5800,PEARLS,9996,2,9995.0,26.0,,,10004,2,10005.0,26.0,,,10000.0,20.0
118,-2,5900,PEARLS,9998,2,9996.0,1.0,9995.0,28.0,10004,1,10005.0,28.0,,,10001.0,20.0
121,-2,6000,PEARLS,9996,2,9995.0,21.0,,,10004,2,10005.0,21.0,,,10000.0,20.0
123,-2,6100,PEARLS,9996,1,9995.0,26.0,,,10004,1,10005.0,26.0,,,10000.0,20.0
124,-2,6200,PEARLS,9996,2,9995.0,23.0,,,10004,2,10005.0,23.0,,,10000.0,20.0
126,-2,6300,PEARLS,9995,26,,,,,10005,26,,,,,10000.0,20.0
129,-2,6400,PEARLS,9995,26,,,,,10005,26,,,,,10000.0,20.0
131,-2,6500,PEARLS,10000,5,9996.0,1.0,9995.0,21.0,10004,1,10005.0,21.0,,,10002.0,20.0
132,-2,6600,PEARLS,9996,2,9995.0,23.0,,,10004,2,10005.0,23.0,,,10000.0,20.0
134,-2,6700,PEARLS,9998,3,9996.0,1.0,9995.0,27.0,10004,1,10005.0,27.0,,,10001.0,20.0
137,-2,6800,PEARLS,9996,1,9995.0,23.0,,,10004,1,10005.0,23.0,,,10000.0,16.0
138,-2,6900,PEARLS,9995,28,,,,,10002,1,10005.0,28.0,,,9998.5,16.0
140,-2,7000,PEARLS,9995,24,,,,,10005,24,,,,,10000.0,16.0
142,-2,7100,PEARLS,9995,26,,,,,10005,26,,,,,10000.0,16.0
144,-2,7200,PEARLS,9996,1,9995.0,26.0,,,10004,1,10005.0,26.0,,,10000.0,16.0
146,-2,7300,PEARLS,9996,1,9995.0,27.0,,,10004,1,10005.0,27.0,,,10000.0,16.0
148,-2,7400,PEARLS,9995,28,,,,,10002,3,10005.0,28.0,,,9998.5,16.0
150,-2,7500,PEARLS,10002,1,9996.0,1.0,9995.0,25.0,10004,1,10005.0,25.0,,,10003.0,18.0
153,-2,7600,PEARLS,9996,2,9995.0,28.0,,,10004,2,10005.0,28.0,,,10000.0,20.0
155,-2,7700,PEARLS,9996,1,9995.0,25.0,,,10002,1,10004.0,1.0,10005.0,25.0,9999.0,20.0
157,-2,7800,PEARLS,9996,1,9995.0,21.0,,,10004,1,10005.0,21.0,,,10000.0,20.0
159,-2,7900,PEARLS,9996,1,9995.0,29.0,,,10004,1,10005.0,29.0,,,10000.0,20.0
161,-2,8000,PEARLS,9998,9,9996.0,1.0,9995.0,23.0,10004,1,10005.0,23.0,,,10001.0,20.0
163,-2,8100,PEARLS,9998,9,9996.0,1.0,9995.0,20.0,10004,1,10005.0,20.0,,,10001.0,20.0
165,-2,8200,PEARLS,9995,30,,,,,10002,10,10005.0,30.0,,,9998.5,20.0
167,-2,8300,PEARLS,9996,2,9995.0,27.0,,,10004,2,10005.0,27.0,,,10000.0,20.0
169,-2,8400,PEARLS,9998,6,9995.0,25.0,,,10005,25,,,,,10001.5,20.0
171,-2,8500,PEARLS,9996,1,9995.0,23.0,,,9998,6,10004.0,1.0,10005.0,23.0,9997.0,20.0
173,-2,8600,PEARLS,9996,1,9995.0,27.0,,,10002,10,10004.0,1.0,10005.0,27.0,9999.0,20.0
175,-2,8700,PEARLS,9996,2,9995.0,22.0,,,10002,5,10004.0,2.0,10005.0,22.0,9999.0,22.0
177,-2,8800,PEARLS,10002,1,9998.0,1.0,9995.0,20.0,10005,20,,,,,10003.5,26.0
179,-2,8900,PEARLS,9996,1,9995.0,26.0,,,10004,1,10005.0,26.0,,,10000.0,28.0
181,-2,9000,PEARLS,9996,2,9995.0,29.0,,,10004,2,10005.0,29.0,,,10000.0,28.0
182,-2,9100,PEARLS,9995,24,,,,,10005,24,,,,,10000.0,28.0
184,-2,9200,PEARLS,9995,28,,,,,10002,2,10005.0,28.0,,,9998.5,28.0
186,-2,9300,PEARLS,10000,5,9998.0,9.0,9996.0,2.0,10004,2,10005.0,26.0,,,10002.0,28.0
188,-2,9400,PEARLS,9996,2,9995.0,25.0,,,10004,2,10005.0,25.0,,,10000.0,28.0
190,-2,9500,PEARLS,9996,2,9995.0,23.0,,,10002,6,10004.0,2.0,10005.0,23.0,9999.0,28.0
192,-2,9600,PEARLS,10000,3,9996.0,2.0,9995.0,29.0,10004,2,10005.0,29.0,,,10002.0,28.0
194,-2,9700,PEARLS,9996,2,9995.0,28.0,,,10004,2,10005.0,28.0,,,10000.0,28.0
197,-2,9800,PEARLS,9996,2,9995.0,23.0,,,10004,2,10005.0,23.0,,,10000.0,28.0
198,-2,9900,PEARLS,9996,2,9995.0,25.0,,,10004,2,10005.0,25.0,,,10000.0,28.0
201,-2,10000,PEARLS,9996,1,9995.0,30.0,,,10004,1,10005.0,30.0,,,10000.0,28.0
202,-2,10100,PEARLS,10000,5,9995.0,25.0,,,10005,25,,,,,10002.5,26.0
205,-2,10200,PEARLS,9996,1,9995.0,29.0,,,10004,1,10005.0,29.0,,,10000.0,26.0
206,-2,10300,PEARLS,9995,23,,,,,10005,23,,,,,10000.0,22.0
209,-2,10400,PEARLS,9996,1,9995.0,22.0,,,10002,3,10004.0,1.0,10005.0,22.0,9999.0,22.0
210,-2,10500,PEARLS,9995,20,,,,,10005,20,,,,,10000.0,22.0
213,-2,10600,PEARLS,9996,1,9995.0,29.0,,,10002,8,10004.0,1.0,10005.0,29.0,9999.0,22.0
214,-2,10700,PEARLS,9995,29,,,,,10005,29,,,,,10000.0,22.0
217,-2,10800,PEARLS,9996,2,9995.0,22.0,,,10004,2,10005.0,22.0,,,10000.0,22.0
218,-2,10900,PEARLS,9996,1,9995.0,21.0,,,10004,1,10005.0,21.0,,,10000.0,22.0
221,-2,11000,PEARLS,9995,27,,,,,10005,27,,,,,10000.0,22.0
222,-2,11100,PEARLS,9995,29,,,,,10005,29,,,,,10000.0,22.0
225,-2,11200,PEARLS,9996,1,9995.0,20.0,,,10004,1,10005.0,20.0,,,10000.0,32.0
226,-2,11300,PEARLS,9996,2,9995.0,21.0,,,10004,2,10005.0,21.0,,,10000.0,32.0
228,-2,11400,PEARLS,9995,30,,,,,10005,30,,,,,10000.0,32.0
230,-2,11500,PEARLS,10002,2,9998.0,4.0,9995.0,24.0,10005,24,,,,,10003.5,32.0
232,-2,11600,PEARLS,9995,30,,,,,10002,9,10005.0,30.0,,,9998.5,32.0
234,-2,11700,PEARLS,9996,1,9995.0,22.0,,,10004,1,10005.0,22.0,,,10000.0,32.0
236,-2,11800,PEARLS,9996,2,9995.0,29.0,,,10004,2,10005.0,29.0,,,10000.0,32.0
238,-2,11900,PEARLS,9996,1,9995.0,22.0,,,10004,1,10005.0,22.0,,,10000.0,32.0
240,-2,12000,PEARLS,9996,2,9995.0,28.0,,,10004,2,10005.0,28.0,,,10000.0,32.0
243,-2,12100,PEARLS,9995,21,,,,,10005,21,,,,,10000.0,32.0
245,-2,12200,PEARLS,9995,23,,,,,10005,23,,,,,10000.0,32.0
247,-2,12300,PEARLS,9998,6,9995.0,28.0,,,10005,28,,,,,10001.5,32.0
249,-2,12400,PEARLS,9995,25,,,,,10005,25,,,,,10000.0,32.0
251,-2,12500,PEARLS,9996,1,9995.0,28.0,,,10002,10,10004.0,1.0,10005.0,28.0,9999.0,32.0
253,-2,12600,PEARLS,9996,1,9995.0,26.0,,,10004,1,10005.0,26.0,,,10000.0,32.0
255,-2,12700,PEARLS,9996,1,9995.0,22.0,,,10004,1,10005.0,22.0,,,10000.0,32.0
257,-2,12800,PEARLS,9995,20,,,,,9998,1,10002.0,10.0,10005.0,20.0,9996.5,32.0
259,-2,12900,PEARLS,9995,20,,,,,9998,1,10002.0,8.0,10005.0,20.0,9996.5,32.0
261,-2,13000,PEARLS,9996,1,9995.0,30.0,,,9998,1,10004.0,1.0,10005.0,30.0,9997.0,32.0
263,-2,13100,PEARLS,10000,6,9998.0,10.0,9996.0,1.0,10004,1,10005.0,21.0,,,10002.0,30.0
265,-2,13200,PEARLS,9996,1,9995.0,22.0,,,10002,2,10004.0,1.0,10005.0,22.0,9999.0,30.0
267,-2,13300,PEARLS,9996,2,9995.0,27.0,,,10002,6,10004.0,2.0,10005.0,27.0,9999.0,30.0
269,-2,13400,PEARLS,9998,4,9996.0,1.0,9995.0,27.0,10004,1,10005.0,27.0,,,10001.0,30.0
271,-2,13500,PEARLS,9998,5,9995.0,27.0,,,10005,27,,,,,10001.5,30.0
272,-2,13600,PEARLS,10000,2,9995.0,24.0,,,10005,24,,,,,10002.5,28.0
274,-2,13700,PEARLS,9996,1,9995.0,20.0,,,10004,1,10005.0,20.0,,,10000.0,28.0
276,-2,13800,PEARLS,9995,22,,,,,10005,22,,,,,10000.0,28.0
278,-2,13900,PEARLS,9996,1,9995.0,20.0,,,10004,1,10005.0,20.0,,,10000.0,28.0
280,-2,14000,PEARLS,9995,25,,,,,10005,25,,,,,10000.0,20.0
282,-2,14100,PEARLS,9996,2,9995.0,25.0,,,10004,2,10005.0,25.0,,,10000.0,55.0
284,-2,14200,PEARLS,9996,2,9995.0,23.0,,,10004,2,10005.0,23.0,,,10000.0,55.0
287,-2,14300,PEARLS,9996,2,9995.0,23.0,,,10004,2,10005.0,23.0,,,10000.0,55.0
288,-2,14400,PEARLS,9995,20,,,,,10002,10,10005.0,20.0,,,9998.5,55.0
290,-2,14500,PEARLS,9996,1,9995.0,30.0,,,10002,3,10004.0,1.0,10005.0,30.0,9999.0,55.0
293,-2,14600,PEARLS,9996,1,9995.0,20.0,,,10004,1,10005.0,20.0,,,10000.0,55.0
295,-2,14700,PEARLS,9995,20,,,,,10005,20,,,,,10000.0,55.0
296,-2,14800,PEARLS,9996,2,9995.0,28.0,,,10002,7,10004.0,2.0,10005.0,28.0,9999.0,55.0
298,-2,14900,PEARLS,9995,29,,,,,10005,29,,,,,10000.0,55.0
301,-2,15000,PEARLS,9996,2,9995.0,21.0,,,10004,2,10005.0,21.0,,,10000.0,55.0
303,-2,15100,PEARLS,9995,29,,,,,10005,29,,,,,10000.0,55.0
304,-2,15200,PEARLS,9998,4,9995.0,28.0,,,10005,28,,,,,10001.5,75.0
306,-2,15300,PEARLS,9998,8,9995.0,26.0,,,10005,26,,,,,10001.5,75.0
309,-2,15400,PEARLS,9995,22,,,,,10002,3,10005.0,22.0,,,9998.5,85.0
311,-2,15500,PEARLS,9996,1,9995.0,24.0,,,10002,9,10004.0,1.0,10005.0,24.0,9999.0,85.0
312,-2,15600,PEARLS,9998,8,9995.0,25.0,,,10005,25,,,,,10001.5,85.0
314,-2,15700,PEARLS,9996,2,9995.0,29.0,,,10004,2,10005.0,29.0,,,10000.0,85.0
316,-2,15800,PEARLS,9996,1,9995.0,20.0,,,10002,2,10004.0,1.0,10005.0,20.0,9999.0,85.0
318,-2,15900,PEARLS,10002,1,9996.0,1.0,9995.0,25.0,10004,1,10005.0,25.0,,,10003.0,85.0
320,-2,16000,PEARLS,9998,4,9996.0,1.0,9995.0,21.0,10004,1,10005.0,21.0,,,10001.0,85.0
322,-2,16100,PEARLS,9996,2,9995.0,25.0,,,10004,2,10005.0,25.0,,,10000.0,85.0
324,-2,16200,PEARLS,10000,4,9996.0,1.0,9995.0,29.0,10002,10,10004.0,1.0,10005.0,29.0,10001.0,85.0
326,-2,16300,PEARLS,9995,30,,,,,10002,9,10005.0,30.0,,,9998.5,85.0
328,-2,16400,PEARLS,9996,2,9995.0,27.0,,,10000,6,10004.0,2.0,10005.0,27.0,9998.0,85.0
331,-2,16500,PEARLS,9996,1,9995.0,26.0,,,10002,9,10004.0,1.0,10005.0,26.0,9999.0,85.0
333,-2,16600,PEARLS,9995,23,,,,,10005,23,,,,,10000.0,85.0
335,-2,16700,PEARLS,9995,24,,,,,10005,24,,,,,10000.0,85.0
337,-2,16800,PEARLS,9995,21,,,,,10005,21,,,,,10000.0,85.0
339,-2,16900,PEARLS,9998,3,9996.0,1.0,9995.0,25.0,10004,1,10005.0,25.0,,,10001.0,85.0
341,-2,17000,PEARLS,9996,2,9995.0,27.0,,,10004,2,10005.0,27.0,,,10000.0,85.0
343,-2,17100,PEARLS,9995,25,,,,,10005,25,,,,,10000.0,85.0
345,-2,17200,PEARLS,9995,30,,,,,10005,30,,,,,10000.0,85.0
347,-2,17300,PEARLS,9996,1,9995.0,24.0,,,10004,1,10005.0,24.0,,,10000.0,87.0
349,-2,17400,PEARLS,9998,6,9995.0,26.0,,,10005,26,,,,,10001.5,87.0
351,-2,17500,PEARLS,9996,1,9995.0,21.0,,,10004,1,10005.0,21.0,,,10000.0,87.0
353,-2,17600,PEARLS,9996,2,9995.0,29.0,,,10004,2,10005.0,29.0,,,10000.0,87.0
355,-2,17700,PEARLS,9996,2,9995.0,26.0,,,10004,2,10005.0,26.0,,,10000.0,87.0
357,-2,17800,PEARLS,9996,1,9995.0,29.0,,,10004,1,10005.0,29.0,,,10000.0,87.0
359,-2,17900,PEARLS,9996,2,9995.0,20.0,,,10004,2,10005.0,20.0,,,10000.0,87.0
360,-2,18000,PEARLS,10000,3,9996.0,1.0,9995.0,29.0,10004,1,10005.0,29.0,,,10002.0,87.0
362,-2,18100,PEARLS,9996,1,9995.0,26.0,,,10004,1,10005.0,26.0,,,10000.0,87.0
364,-2,18200,PEARLS,9998,2,9996.0,1.0,9995.0,28.0,10004,1,10005.0,28.0,,,10001.0,85.0
366,-2,18300,PEARLS,9998,8,9995.0,27.0,,,10005,27,,,,,10001.5,83.0
368,-2,18400,PEARLS,9996,1,9995.0,20.0,,,10002,6,10004.0,1.0,10005.0,20.0,9999.0,93.0
370,-2,18500,PEARLS,9995,26,,,,,10005,26,,,,,10000.0,93.0
372,-2,18600,PEARLS,9996,1,9995.0,30.0,,,10002,10,10004.0,1.0,10005.0,30.0,9999.0,118.0
374,-2,18700,PEARLS,10000,3,9996.0,2.0,9995.0,30.0,10002,8,10004.0,2.0,10005.0,30.0,10001.0,118.0
377,-2,18800,PEARLS,9996,2,9995.0,24.0,,,10002,6,10004.0,2.0,10005.0,24.0,9999.0,118.0
378,-2,18900,PEARLS,9998,6,9996.0,2.0,9995.0,23.0,10004,2,10005.0,23.0,,,10001.0,118.0
381,-2,19000,PEARLS,9996,1,9995.0,23.0,,,10002,9,10004.0,1.0,10005.0,23.0,9999.0,118.0
382,-2,19100,PEARLS,9996,1,9995.0,23.0,,,10002,8,10004.0,1.0,10005.0,23.0,9999.0,118.0
385,-2,19200,PEARLS,9995,24,,,,,10005,24,,,,,10000.0,118.0
386,-2,19300,PEARLS,10002,2,9998.0,4.0,9996.0,2.0,10004,2,10005.0,29.0,,,10003.0,118.0
389,-2,19400,PEARLS,10002,1,9998.0,2.0,9996.0,1.0,10004,1,10005.0,22.0,,,10003.0,118.0
390,-2,19500,PEARLS,10002,1,9998.0,5.0,9996.0,2.0,10004,2,10005.0,29.0,,,10003.0,118.0
393,-2,19600,PEARLS,10002,1,9996.0,1.0,9995.0,21.0,10004,1,10005.0,21.0,,,10003.0,120.0
394,-2,19700,PEARLS,9996,1,9995.0,25.0,,,10004,1,10005.0,25.0,,,10000.0,122.0
397,-2,19800,PEARLS,9995,23,,,,,10005,23,,,,,10000.0,122.0
398,-2,19900,PEARLS,10002,1,9996.0,2.0,9995.0,24.0,10004,2,10005.0,24.0,,,10003.0,122.0
401,-2,20000,PEARLS,9995,28,,,,,10005,28,,,,,10000.0,124.0
402,-2,20100,PEARLS,10002,1,9995.0,30.0,,,10005,30,,,,,10003.5,124.0
404,-2,20200,PEARLS,10002,1,9996.0,1.0,9995.0,27.0,10004,1,10005.0,27.0,,,10003.0,124.0
406,-2,20300,PEARLS,9996,1,9995.0,24.0,,,10004,1,10005.0,24.0,,,10000.0,126.0
408,-2,20400,PEARLS,9995,25,,,,,10005,25,,,,,10000.0,126.0
410,-2,20500,PEARLS,9996,1,9995.0,24.0,,,10004,1,10005.0,24.0,,,10000.0,126.0
412,-2,20600,PEARLS,9995,21,,,,,9998,1,10005.0,21.0,,,9996.5,126.0
414,-2,20700,PEARLS,9996,1,9995.0,22.0,,,10004,1,10005.0,22.0,,,10000.0,79.0
416,-2,20800,PEARLS,9996,2,9995.0,21.0,,,10004,2,10005.0,21.0,,,10000.0,79.0
419,-2,20900,PEARLS,9996,2,9995.0,28.0,,,9998,1,10004.0,2.0,10005.0,28.0,9997.0,79.0
421,-2,21000,PEARLS,9996,1,9995.0,28.0,,,10004,1,10005.0,28.0,,,10000.0,77.0
423,-2,21100,PEARLS,9996,1,9995.0,22.0,,,10004,1,10005.0,22.0,,,10000.0,77.0
425,-2,21200,PEARLS,9996,1,9995.0,27.0,,,10004,1,10005.0,27.0,,,10000.0,77.0
427,-2,21300,PEARLS,9996,2,9995.0,27.0,,,10002,5,10004.0,2.0,10005.0,27.0,9999.0,77.0
429,-2,21400,PEARLS,9996,2,9995.0,21.0,,,10004,2,10005.0,21.0,,,10000.0,79.0
431,-2,21500,PEARLS,9996,1,9995.0,25.0,,,10002,5,10004.0,1.0,10005.0,25.0,9999.0,79.0
433,-2,21600,PEARLS,9995,23,,,,,10005,23,,,,,10000.0,79.0
435,-2,21700,PEARLS,9995,22,,,,,10005,22,,,,,10000.0,79.0
437,-2,21800,PEARLS,10002,1,9996.0,2.0,9995.0,25.0,10004,2,10005.0,25.0,,,10003.0,79.0
439,-2,21900,PEARLS,9998,3,9995.0,21.0,,,10005,21,,,,,10001.5,79.0
441,-2,22000,PEARLS,9998,1,9995.0,24.0,,,10005,24,,,,,10001.5,79.0
443,-2,22100,PEARLS,9996,1,9995.0,25.0,,,10004,1,10005.0,25.0,,,10000.0,79.0
445,-2,22200,PEARLS,9996,2,9995.0,25.0,,,10002,1,10004.0,2.0,10005.0,25.0,9999.0,79.0
447,-2,22300,PEARLS,9995,27,,,,,10005,27,,,,,10000.0,79.0
448,-2,22400,PEARLS,9996,1,9995.0,28.0,,,10004,1,10005.0,28.0,,,10000.0,79.0
450,-2,22500,PEARLS,9996,1,9995.0,29.0,,,10004,1,10005.0,29.0,,,10000.0,79.0
452,-2,22600,PEARLS,9995,22,,,,,10005,22,,,,,10000.0,79.0
454,-2,22700,PEARLS,9995,27,,,,,9998,1,10005.0,27.0,,,9996.5,79.0
456,-2,22800,PEARLS,10002,1,9996.0,2.0,9995.0,20.0,10004,2,10005.0,20.0,,,10003.0,77.0
458,-2,22900,PEARLS,9996,1,9995.0,21.0,,,10004,1,10005.0,21.0,,,10000.0,77.0
460,-2,23000,PEARLS,10002,4,9996.0,2.0,9995.0,24.0,10004,2,10005.0,24.0,,,10003.0,69.0
462,-2,23100,PEARLS,9996,1,9995.0,21.0,,,9998,1,10004.0,1.0,10005.0,21.0,9997.0,69.0
465,-2,23200,PEARLS,9996,1,9995.0,28.0,,,10004,1,10005.0,28.0,,,10000.0,69.0
467,-2,23300,PEARLS,10000,2,9996.0,2.0,9995.0,20.0,10002,4,10004.0,2.0,10005.0,20.0,10001.0,65.0
468,-2,23400,PEARLS,9995,21,,,,,10005,21,,,,,10000.0,65.0
470,-2,23500,PEARLS,9995,22,,,,,10005,22,,,,,10000.0,65.0
473,-2,23600,PEARLS,9996,1,9995.0,22.0,,,10002,3,10004.0,1.0,10005.0,22.0,9999.0,65.0
475,-2,23700,PEARLS,9996,1,9995.0,26.0,,,10004,1,10005.0,26.0,,,10000.0,65.0
476,-2,23800,PEARLS,9996,2,9995.0,27.0,,,10004,2,10005.0,27.0,,,10000.0,65.0
478,-2,23900,PEARLS,9995,23,,,,,9998,3,10005.0,23.0,,,9996.5,65.0
481,-2,24000,PEARLS,9996,2,9995.0,24.0,,,10004,2,10005.0,24.0,,,10000.0,19.0
483,-2,24100,PEARLS,9996,2,9995.0,29.0,,,10002,7,10004.0,2.0,10005.0,29.0,9999.0,19.0
484,-2,24200,PEARLS,9996,2,9995.0,30.0,,,10004,2,10005.0,30.0,,,10000.0,19.0
486,-2,24300,PEARLS,10002,1,9995.0,29.0,,,10005,29,,,,,10003.5,19.0
489,-2,24400,PEARLS,9996,1,9995.0,28.0,,,10004,1,10005.0,28.0,,,10000.0,21.0
491,-2,24500,PEARLS,9998,8,9996.0,2.0,9995.0,20.0,10004,2,10005.0,20.0,,,10001.0,21.0
492,-2,24600,PEARLS,9996,2,9995.0,28.0,,,10004,2,10005.0,28.0,,,10000.0,21.0
494,-2,24700,PEARLS,9995,27,,,,,10005,27,,,,,10000.0,5.0
496,-2,24800,PEARLS,9996,2,9995.0,21.0,,,10004,2,10005.0,21.0,,,10000.0,5.0
498,-2,24900,PEARLS,9996,2,9995.0,26.0,,,10002,9,10004.0,2.0,10005.0,26.0,9999.0,5.0
500,-2,25000,PEARLS,9998,8,9996.0,2.0,9995.0,22.0,10004,2,10005.0,22.0,,,10001.0,5.0
502,-2,25100,PEARLS,10002,1,9995.0,24.0,,,10005,24,,,,,10003.5,5.0
504,-2,25200,PEARLS,9996,1,9995.0,25.0,,,10004,1,10005.0,25.0,,,10000.0,7.0
506,-2,25300,PEARLS,9995,23,,,,,10005,23,,,,,10000.0,7.0
509,-2,25400,PEARLS,9995,22,,,,,10005,22,,,,,10000.0,7.0
511,-2,25500,PEARLS,9996,2,9995.0,29.0,,,10002,1,10004.0,2.0,10005.0,29.0,9999.0,7.0
513,-2,25600,PEARLS,9996,2,9995.0,29.0,,,10004,2,10005.0,29.0,,,10000.0,7.0
515,-2,25700,PEARLS,10002,3,9996.0,2.0,9995.0,28.0,10004,2,10005.0,28.0,,,10003.0,31.0
517,-2,25800,PEARLS,10000,3,9996.0,1.0,9995.0,23.0,10004,1,10005.0,23.0,,,10002.0,37.0
519,-2,25900,PEARLS,9996,1,9995.0,24.0,,,10002,6,10004.0,1.0,10005.0,24.0,9999.0,37.0
521,-2,26000,PEARLS,9996,2,9995.0,24.0,,,10004,2,10005.0,24.0,,,10000.0,37.0
523,-2,26100,PEARLS,9996,2,9995.0,21.0,,,10004,2,10005.0,21.0,,,10000.0,37.0
525,-2,26200,PEARLS,10002,1,9995.0,30.0,,,10005,30,,,,,10003.5,37.0
527,-2,26300,PEARLS,9998,3,9995.0,28.0,,,10005,28,,,,,10001.5,37.0
529,-2,26400,PEARLS,9995,24,,,,,10005,24,,,,,10000.0,37.0
531,-2,26500,PEARLS,9998,1,9996.0,1.0,9995.0,25.0,10004,1,10005.0,25.0,,,10001.0,82.0
533,-2,26600,PEARLS,9996,1,9995.0,22.0,,,10004,1,10005.0,22.0,,,10000.0,82.0
535,-2,26700,PEARLS,10000,2,9996.0,1.0,9995.0,22.0,10004,1,10005.0,22.0,,,10002.0,82.0
537,-2,26800,PEARLS,9995,22,,,,,10005,22,,,,,10000.0,82.0
538,-2,26900,PEARLS,9995,26,,,,,10005,26,,,,,10000.0,82.0
540,-2,27000,PEARLS,10002,1,9995.0,21.0,,,10005,21,,,,,10003.5,82.0
542,-2,27100,PEARLS,9995,30,,,,,10005,30,,,,,10000.0,84.0
544,-2,27200,PEARLS,9995,28,,,,,10005,28,,,,,10000.0,84.0
546,-2,27300,PEARLS,9998,9,9995.0,30.0,,,10005,30,,,,,10001.5,84.0
548,-2,27400,PEARLS,9998,1,9995.0,23.0,,,10000,6,10005.0,23.0,,,9999.0,84.0
550,-2,27500,PEARLS,10002,1,9996.0,2.0,9995.0,26.0,10004,2,10005.0,26.0,,,10003.0,84.0
553,-2,27600,PEARLS,9996,1,9995.0,29.0,,,10004,1,10005.0,29.0,,,10000.0,84.0
554,-2,27700,PEARLS,9995,27,,,,,9998,1,10005.0,27.0,,,9996.5,78.0
557,-2,27800,PEARLS,9996,1,9995.0,23.0,,,10004,1,10005.0,23.0,,,10000.0,76.0
558,-2,27900,PEARLS,10002,4,9998.0,6.0,9996.0,1.0,10004,1,10005.0,22.0,,,10003.0,76.0
561,-2,28000,PEARLS,9995,29,,,,,10005,29,,,,,10000.0,84.0
562,-2,28100,PEARLS,9998,3,9995.0,24.0,,,10000,5,10005.0,24.0,,,9999.0,89.0
565,-2,28200,PEARLS,9996,2,9995.0,23.0,,,10004,2,10005.0,23.0,,,10000.0,89.0
566,-2,28300,PEARLS,9995,27,,,,,9998,3,10002.0,6.0,10005.0,27.0,9996.5,89.0
569,-2,28400,PEARLS,9996,2,9995.0,23.0,,,10004,2,10005.0,23.0,,,10000.0,83.0
570,-2,28500,PEARLS,9996,2,9995.0,25.0,,,10004,2,10005.0,25.0,,,10000.0,83.0
573,-2,28600,PEARLS,9996,2,9995.0,24.0,,,9998,1,10002.0,2.0,10004.0,2.0,9997.0,83.0
574,-2,28700,PEARLS,9998,6,9996.0,2.0,9995.0,30.0,10004,2,10005.0,30.0,,,10001.0,81.0
577,-2,28800,PEARLS,9996,2,9995.0,27.0,,,10004,2,10005.0,27.0,,,10000.0,81.0
578,-2,28900,PEARLS,9998,8,9995.0,22.0,,,10005,22,,,,,10001.5,81.0
581,-2,29000,PEARLS,9996,2,9995.0,24.0,,,10004,2,10005.0,24.0,,,10000.0,81.0
582,-2,29100,PEARLS,9996,1,9995.0,21.0,,,10002,3,10004.0,1.0,10005.0,21.0,9999.0,81.0
584,-2,29200,PEARLS,9995,30,,,,,10002,5,10005.0,30.0,,,9998.5,81.0
586,-2,29300,PEARLS,10002,1,9995.0,23.0,,,10005,23,,,,,10003.5,81.0
588,-2,29400,PEARLS,9995,25,,,,,10005,25,,,,,10000.0,81.0
590,-2,29500,PEARLS,9996,2,9995.0,29.0,,,9998,2,10004.0,2.0,10005.0,29.0,9997.0,85.0
592,-2,29600,PEARLS,9996,2,9995.0,22.0,,,10004,2,10005.0,22.0,,,10000.0,81.0
594,-2,29700,PEARLS,9996,1,9995.0,29.0,,,10004,1,10005.0,29.0,,,10000.0,81.0
597,-2,29800,PEARLS,9996,2,9995.0,20.0,,,10004,2,10005.0,20.0,,,10000.0,81.0
599,-2,29900,PEARLS,9996,2,9995.0,27.0,,,10004,2,10005.0,27.0,,,10000.0,81.0
601,-2,30000,PEARLS,9996,1,9995.0,27.0,,,10004,1,10005.0,27.0,,,10000.0,81.0
603,-2,30100,PEARLS,10000,6,9995.0,21.0,,,10002,5,10005.0,21.0,,,10001.0,81.0
605,-2,30200,PEARLS,9996,1,9995.0,27.0,,,10004,1,10005.0,27.0,,,10000.0,81.0
607,-2,30300,PEARLS,9996,2,9995.0,28.0,,,10002,7,10004.0,2.0,10005.0,28.0,9999.0,81.0
609,-2,30400,PEARLS,9996,1,9995.0,29.0,,,10004,1,10005.0,29.0,,,10000.0,81.0
611,-2,30500,PEARLS,9995,20,,,,,10002,8,10005.0,20.0,,,9998.5,109.0
613,-2,30600,PEARLS,9996,1,9995.0,29.0,,,10002,2,10004.0,1.0,10005.0,29.0,9999.0,109.0
615,-2,30700,PEARLS,9996,1,9995.0,24.0,,,10004,1,10005.0,24.0,,,10000.0,109.0
617,-2,30800,PEARLS,9998,2,9996.0,1.0,9995.0,29.0,10004,1,10005.0,29.0,,,10001.0,109.0
619,-2,30900,PEARLS,9998,9,9995.0,29.0,,,10005,29,,,,,10001.5,109.0
621,-2,31000,PEARLS,9996,2,9995.0,28.0,,,9998,1,10004.0,2.0,10005.0,28.0,9997.0,109.0
623,-2,31100,PEARLS,9995,25,,,,,10005,25,,,,,10000.0,105.0
625,-2,31200,PEARLS,9996,2,9995.0,24.0,,,10004,2,10005.0,24.0,,,10000.0,105.0
626,-2,31300,PEARLS,9996,1,9995.0,22.0,,,9998,1,10002.0,10.0,10004.0,1.0,9997.0,105.0
628,-2,31400,PEARLS,10002,7,9998.0,7.0,9996.0,2.0,10004,2,10005.0,24.0,,,10003.0,103.0
630,-2,31500,PEARLS,9996,2,9995.0,30.0,,,9998,10,10002.0,7.0,10004.0,2.0,9997.0,103.0
632,-2,31600,PEARLS,10002,3,9996.0,2.0,9995.0,22.0,10004,2,10005.0,22.0,,,10003.0,103.0
634,-2,31700,PEARLS,9996,1,9995.0,25.0,,,10004,1,10005.0,25.0,,,10000.0,109.0
636,-2,31800,PEARLS,10002,1,9996.0,2.0,9995.0,23.0,10004,2,10005.0,23.0,,,10003.0,109.0
638,-2,31900,PEARLS,9996,1,9995.0,29.0,,,10004,1,10005.0,29.0,,,10000.0,111.0
640,-2,32000,PEARLS,9995,22,,,,,10002,4,10005.0,22.0,,,9998.5,111.0
642,-2,32100,PEARLS,9996,1,9995.0,22.0,,,10002,5,10004.0,1.0,10005.0,22.0,9999.0,119.0
645,-2,32200,PEARLS,9996,1,9995.0,30.0,,,10004,1,10005.0,30.0,,,10000.0,119.0
647,-2,32300,PEARLS,9996,2,9995.0,20.0,,,10004,2,10005.0,20.0,,,10000.0,119.0
648,-2,32400,PEARLS,9995,30,,,,,10005,30,,,,,10000.0,119.0
650,-2,32500,PEARLS,10002,1,9996.0,2.0,9995.0,20.0,10004,2,10005.0,20.0,,,10003.0,119.0
653,-2,32600,PEARLS,9996,2,9995.0,21.0,,,10002,2,10004.0,2.0,10005.0,21.0,9999.0,121.0
655,-2,32700,PEARLS,9996,2,9995.0,29.0,,,10004,2,10005.0,29.0,,,10000.0,121.0
656,-2,32800,PEARLS,9996,2,9995.0,24.0,,,10000,5,10002.0,2.0,10004.0,2.0,9998.0,121.0
658,-2,32900,PEARLS,9996,2,9995.0,30.0,,,10002,3,10004.0,2.0,10005.0,30.0,9999.0,103.0
661,-2,33000,PEARLS,9995,26,,,,,10002,3,10005.0,26.0,,,9998.5,103.0
663,-2,33100,PEARLS,9995,27,,,,,10002,5,10005.0,27.0,,,9998.5,103.0
664,-2,33200,PEARLS,9998,9,9996.0,1.0,9995.0,20.0,10004,1,10005.0,20.0,,,10001.0,103.0
666,-2,33300,PEARLS,9996,2,9995.0,24.0,,,10004,2,10005.0,24.0,,,10000.0,103.0
669,-2,33400,PEARLS,9996,2,9995.0,28.0,,,10002,3,10004.0,2.0,10005.0,28.0,9999.0,103.0
670,-2,33500,PEARLS,9996,2,9995.0,26.0,,,10002,5,10004.0,2.0,10005.0,26.0,9999.0,109.0
672,-2,33600,PEARLS,9995,26,,,,,10005,26,,,,,10000.0,109.0
674,-2,33700,PEARLS,9998,5,9996.0,1.0,9995.0,24.0,10004,1,10005.0,24.0,,,10001.0,109.0
676,-2,33800,PEARLS,9995,20,,,,,10005,20,,,,,10000.0,109.0
678,-2,33900,PEARLS,9998,6,9995.0,21.0,,,10005,21,,,,,10001.5,109.0
680,-2,34000,PEARLS,9998,1,9995.0,26.0,,,10005,26,,,,,10001.5,109.0
682,-2,34100,PEARLS,10002,1,9995.0,23.0,,,10005,23,,,,,10003.5,107.0
684,-2,34200,PEARLS,9998,7,9996.0,2.0,9995.0,21.0,10004,2,10005.0,21.0,,,10001.0,109.0
687,-2,34300,PEARLS,10002,7,9996.0,2.0,9995.0,27.0,10004,2,10005.0,27.0,,,10003.0,109.0
689,-2,34400,PEARLS,10002,1,9996.0,2.0,9995.0,29.0,10004,2,10005.0,29.0,,,10003.0,109.0
691,-2,34500,PEARLS,9996,2,9995.0,23.0,,,10002,5,10004.0,2.0,10005.0,23.0,9999.0,109.0
693,-2,34600,PEARLS,9995,28,,,,,10002,3,10005.0,28.0,,,9998.5,109.0
695,-2,34700,PEARLS,9996,2,9995.0,29.0,,,10004,2,10005.0,29.0,,,10000.0,109.0
697,-2,34800,PEARLS,9995,23,,,,,10005,23,,,,,10000.0,109.0
699,-2,34900,PEARLS,9996,1,9995.0,26.0,,,10004,1,10005.0,26.0,,,10000.0,109.0
701,-2,35000,PEARLS,9998,10,9995.0,21.0,,,10005,21,,,,,10001.5,109.0
703,-2,35100,PEARLS,9998,3,9996.0,2.0,9995.0,22.0,10004,2,10005.0,22.0,,,10001.0,109.0
705,-2,35200,PEARLS,9995,26,,,,,10002,5,10005.0,26.0,,,9998.5,109.0
707,-2,35300,PEARLS,9995,21,,,,,10005,21,,,,,10000.0,109.0
709,-2,35400,PEARLS,9995,22,,,,,10002,2,10005.0,22.0,,,9998.5,109.0
711,-2,35500,PEARLS,9996,1,9995.0,22.0,,,10004,1,10005.0,22.0,,,10000.0,109.0
713,-2,35600,PEARLS,10002,1,9995.0,27.0,,,10005,27,,,,,10003.5,109.0
715,-2,35700,PEARLS,9996,1,9995.0,24.0,,,10004,1,10005.0,24.0,,,10000.0,111.0
716,-2,35800,PEARLS,9996,1,9995.0,26.0,,,10004,1,10005.0,26.0,,,10000.0,111.0
718,-2,35900,PEARLS,9996,1,9995.0,22.0,,,10002,4,10004.0,1.0,10005.0,22.0,9999.0,111.0
720,-2,36000,PEARLS,9995,28,,,,,10005,28,,,,,10000.0,111.0
722,-2,36100,PEARLS,9995,29,,,,,10005,29,,,,,10000.0,111.0
724,-2,36200,PEARLS,9998,3,9996.0,2.0,9995.0,28.0,10004,2,10005.0,28.0,,,10001.0,111.0
726,-2,36300,PEARLS,9995,25,,,,,10005,25,,,,,10000.0,111.0
728,-2,36400,PEARLS,9996,1,9995.0,30.0,,,10002,3,10004.0,1.0,10005.0,30.0,9999.0,116.0
730,-2,36500,PEARLS,9995,24,,,,,10005,24,,,,,10000.0,116.0
733,-2,36600,PEARLS,9995,29,,,,,10005,29,,,,,10000.0,136.0
734,-2,36700,PEARLS,9996,2,9995.0,30.0,,,10004,2,10005.0,30.0,,,10000.0,136.0
737,-2,36800,PEARLS,10000,3,9996.0,2.0,9995.0,22.0,10004,2,10005.0,22.0,,,10002.0,136.0
738,-2,36900,PEARLS,9996,1,9995.0,22.0,,,10004,1,10005.0,22.0,,,10000.0,136.0
741,-2,37000,PEARLS,9998,2,9996.0,2.0,9995.0,26.0,10004,2,10005.0,26.0,,,10001.0,136.0
742,-2,37100,PEARLS,9995,20,,,,,10005,20,,,,,10000.0,136.0
745,-2,37200,PEARLS,9996,2,9995.0,27.0,,,10004,2,10005.0,27.0,,,10000.0,136.0
746,-2,37300,PEARLS,9996,2,9995.0,21.0,,,10004,2,10005.0,21.0,,,10000.0,136.0
749,-2,37400,PEARLS,10002,1,9995.0,30.0,,,10005,30,,,,,10003.5,136.0
750,-2,37500,PEARLS,9998,4,9996.0,1.0,9995.0,22.0,10004,1,10005.0,22.0,,,10001.0,138.0
753,-2,37600,PEARLS,9996,1,9995.0,22.0,,,9998,1,10004.0,1.0,10005.0,22.0,9997.0,138.0
754,-2,37700,PEARLS,9996,1,9995.0,20.0,,,10004,1,10005.0,20.0,,,10000.0,138.0
757,-2,37800,PEARLS,9998,9,9996.0,2.0,9995.0,20.0,10004,2,10005.0,20.0,,,10001.0,138.0
758,-2,37900,PEARLS,9995,24,,,,,10005,24,,,,,10000.0,138.0
760,-2,38000,PEARLS,9998,2,9995.0,25.0,,,10005,25,,,,,10001.5,118.0
762,-2,38100,PEARLS,9996,1,9995.0,26.0,,,10004,1,10005.0,26.0,,,10000.0,118.0
764,-2,38200,PEARLS,9996,2,9995.0,20.0,,,10004,2,10005.0,20.0,,,10000.0,118.0
766,-2,38300,PEARLS,10002,1,9996.0,2.0,9995.0,20.0,10004,2,10005.0,20.0,,,10003.0,118.0
768,-2,38400,PEARLS,9996,2,9995.0,24.0,,,10004,2,10005.0,24.0,,,10000.0,118.0
770,-2,38500,PEARLS,10002,6,9998.0,2.0,9995.0,21.0,10005,21,,,,,10003.5,126.0
772,-2,38600,PEARLS,9996,2,9995.0,27.0,,,10004,2,10005.0,27.0,,,10000.0,138.0
775,-2,38700,PEARLS,10000,4,9996.0,2.0,9995.0,30.0,10004,2,10005.0,30.0,,,10002.0,138.0
777,-2,38800,PEARLS,10000,6,9996.0,2.0,9995.0,22.0,10004,2,10005.0,22.0,,,10002.0,138.0
779,-2,38900,PEARLS,9995,21,,,,,10002,8,10005.0,21.0,,,9998.5,138.0
781,-2,39000,PEARLS,9996,2,9995.0,28.0,,,10004,2,10005.0,28.0,,,10000.0,128.0
783,-2,39100,PEARLS,9995,25,,,,,10002,5,10005.0,25.0,,,9998.5,128.0
785,-2,39200,PEARLS,9996,2,9995.0,20.0,,,10004,2,10005.0,20.0,,,10000.0,138.0
787,-2,39300,PEARLS,9996,1,9995.0,28.0,,,10004,1,10005.0,28.0,,,10000.0,138.0
789,-2,39400,PEARLS,9996,2,9995.0,24.0,,,10004,2,10005.0,24.0,,,10000.0,134.0
791,-2,39500,PEARLS,9996,2,9995.0,29.0,,,10004,2,10005.0,29.0,,,10000.0,134.0
793,-2,39600,PEARLS,9996,2,9995.0,26.0,,,10004,2,10005.0,26.0,,,10000.0,134.0
795,-2,39700,PEARLS,9996,2,9995.0,21.0,,,10004,2,10005.0,21.0,,,10000.0,134.0
797,-2,39800,PEARLS,9995,24,,,,,9998,12,10005.0,24.0,,,9996.5,134.0
799,-2,39900,PEARLS,9995,23,,,,,10005,23,,,,,10000.0,134.0
801,-2,40000,PEARLS,9995,27,,,,,10005,27,,,,,10000.0,134.0
803,-2,40100,PEARLS,9996,1,9995.0,26.0,,,10004,1,10005.0,26.0,,,10000.0,134.0
804,-2,40200,PEARLS,9996,2,9995.0,27.0,,,10004,2,10005.0,27.0,,,10000.0,134.0
806,-2,40300,PEARLS,9998,9,9995.0,28.0,,,10005,28,,,,,10001.5,134.0
808,-2,40400,PEARLS,9995,30,,,,,10005,30,,,,,10000.0,134.0
810,-2,40500,PEARLS,9996,1,9995.0,29.0,,,10004,1,10005.0,29.0,,,10000.0,134.0
812,-2,40600,PEARLS,9995,29,,,,,10005,29,,,,,10000.0,134.0
814,-2,40700,PEARLS,9995,24,,,,,10005,24,,,,,10000.0,134.0
816,-2,40800,PEARLS,9995,24,,,,,10005,24,,,,,10000.0,134.0
819,-2,40900,PEARLS,9995,23,,,,,10005,23,,,,,10000.0,134.0
820,-2,41000,PEARLS,9995,24,,,,,10005,24,,,,,10000.0,134.0
822,-2,41100,PEARLS,9995,26,,,,,10005,26,,,,,10000.0,134.0
825,-2,41200,PEARLS,10000,2,9995.0,25.0,,,10005,25,,,,,10002.5,134.0
827,-2,41300,PEARLS,9996,2,9995.0,28.0,,,10004,2,10005.0,28.0,,,10000.0,134.0
828,-2,41400,PEARLS,9996,1,9995.0,30.0,,,10004,1,10005.0,30.0,,,10000.0,134.0
830,-2,41500,PEARLS,9996,2,9995.0,21.0,,,10000,5,10004.0,2.0,10005.0,21.0,9998.0,136.0
833,-2,41600,PEARLS,9995,23,,,,,10005,23,,,,,10000.0,136.0
835,-2,41700,PEARLS,10002,1,9996.0,1.0,9995.0,28.0,10004,1,10005.0,28.0,,,10003.0,131.0
836,-2,41800,PEARLS,9998,9,9996.0,2.0,9995.0,29.0,10004,2,10005.0,29.0,,,10001.0,131.0
838,-2,41900,PEARLS,9995,30,,,,,10000,3,10002.0,4.0,10005.0,30.0,9997.5,131.0
841,-2,42000,PEARLS,9995,20,,,,,10005,20,,,,,10000.0,131.0
843,-2,42100,PEARLS,9996,1,9995.0,20.0,,,10002,6,10004.0,1.0,10005.0,20.0,9999.0,131.0
844,-2,42200,PEARLS,9998,8,9996.0,2.0,9995.0,20.0,10004,2,10005.0,20.0,,,10001.0,131.0
846,-2,42300,PEARLS,9995,24,,,,,10002,8,10005.0,24.0,,,9998.5,131.0
848,-2,42400,PEARLS,9996,2,9995.0,25.0,,,10004,2,10005.0,25.0,,,10000.0,131.0
850,-2,42500,PEARLS,9996,2,9995.0,22.0,,,10002,8,10004.0,2.0,10005.0,22.0,9999.0,131.0
852,-2,42600,PEARLS,9995,24,,,,,10002,3,10005.0,24.0,,,9998.5,131.0
854,-2,42700,PEARLS,9996,1,9995.0,23.0,,,10004,1,10005.0,23.0,,,10000.0,131.0
856,-2,42800,PEARLS,9996,2,9995.0,25.0,,,9998,12,10004.0,2.0,10005.0,25.0,9997.0,131.0
858,-2,42900,PEARLS,9996,2,9995.0,26.0,,,10002,4,10004.0,2.0,10005.0,26.0,9999.0,131.0
860,-2,43000,PEARLS,9995,21,,,,,10005,21,,,,,10000.0,133.0
862,-2,43100,PEARLS,9995,21,,,,,10005,21,,,,,10000.0,133.0
865,-2,43200,PEARLS,9996,1,9995.0,28.0,,,10004,1,10005.0,28.0,,,10000.0,143.0
867,-2,43300,PEARLS,9996,2,9995.0,23.0,,,10004,2,10005.0,23.0,,,10000.0,143.0
869,-2,43400,PEARLS,10002,1,9995.0,28.0,,,10005,28,,,,,10003.5,143.0
871,-2,43500,PEARLS,9996,2,9995.0,22.0,,,10004,2,10005.0,22.0,,,10000.0,145.0
873,-2,43600,PEARLS,9996,2,9995.0,20.0,,,10002,8,10004.0,2.0,10005.0,20.0,9999.0,145.0
875,-2,43700,PEARLS,9998,7,9996.0,1.0,9995.0,29.0,10004,1,10005.0,29.0,,,10001.0,143.0
877,-2,43800,PEARLS,10002,1,9996.0,2.0,9995.0,27.0,10004,2,10005.0,27.0,,,10003.0,143.0
879,-2,43900,PEARLS,9998,5,9996.0,2.0,9995.0,22.0,10004,2,10005.0,22.0,,,10001.0,143.0
881,-2,44000,PEARLS,9996,1,9995.0,29.0,,,9998,1,10004.0,1.0,10005.0,29.0,9997.0,151.0
883,-2,44100,PEARLS,9995,30,,,,,10005,30,,,,,10000.0,149.0
885,-2,44200,PEARLS,9996,1,9995.0,26.0,,,10004,1,10005.0,26.0,,,10000.0,149.0
887,-2,44300,PEARLS,9998,6,9996.0,1.0,9995.0,27.0,10004,1,10005.0,27.0,,,10001.0,149.0
889,-2,44400,PEARLS,9998,3,9996.0,2.0,9995.0,21.0,10004,2,10005.0,21.0,,,10001.0,149.0
891,-2,44500,PEARLS,9996,2,9995.0,27.0,,,10004,2,10005.0,27.0,,,10000.0,149.0
893,-2,44600,PEARLS,9995,26,,,,,10005,26,,,,,10000.0,149.0
894,-2,44700,PEARLS,9998,4,9996.0,1.0,9995.0,27.0,10004,1,10005.0,27.0,,,10001.0,149.0
896,-2,44800,PEARLS,9996,1,9995.0,23.0,,,10004,1,10005.0,23.0,,,10000.0,149.0
898,-2,44900,PEARLS,9995,30,,,,,10005,30,,,,,10000.0,145.0
900,-2,45000,PEARLS,10002,2,9996.0,2.0,9995.0,23.0,10004,2,10005.0,23.0,,,10003.0,145.0
902,-2,45100,PEARLS,9996,1,9995.0,25.0,,,10004,1,10005.0,25.0,,,10000.0,145.0
904,-2,45200,PEARLS,9995,24,,,,,10005,24,,,,,10000.0,141.0
906,-2,45300,PEARLS,9996,1,9995.0,29.0,,,10004,1,10005.0,29.0,,,10000.0,141.0
909,-2,45400,PEARLS,9996,1,9995.0,24.0,,,10004,1,10005.0,24.0,,,10000.0,141.0
910,-2,45500,PEARLS,9996,1,9995.0,28.0,,,10004,1,10005.0,28.0,,,10000.0,141.0
913,-2,45600,PEARLS,9995,27,,,,,9998,1,10002.0,8.0,10005.0,27.0,9996.5,141.0
914,-2,45700,PEARLS,9996,1,9995.0,21.0,,,10004,1,10005.0,21.0,,,10000.0,141.0
917,-2,45800,PEARLS,9996,1,9995.0,20.0,,,10004,1,10005.0,20.0,,,10000.0,141.0
918,-2,45900,PEARLS,9996,2,9995.0,26.0,,,10002,8,10004.0,2.0,10005.0,26.0,9999.0,97.0
921,-2,46000,PEARLS,9995,26,,,,,10005,26,,,,,10000.0,97.0
922,-2,46100,PEARLS,9996,1,9995.0,23.0,,,10004,1,10005.0,23.0,,,10000.0,97.0
925,-2,46200,PEARLS,10000,2,9998.0,3.0,9995.0,20.0,10005,20,,,,,10002.5,95.0
926,-2,46300,PEARLS,9995,23,,,,,10002,1,10005.0,23.0,,,9998.5,95.0
929,-2,46400,PEARLS,9995,26,,,,,10005,26,,,,,10000.0,90.0
930,-2,46500,PEARLS,9996,2,9995.0,24.0,,,10004,2,10005.0,24.0,,,10000.0,90.0
933,-2,46600,PEARLS,9996,1,9995.0,21.0,,,10004,1,10005.0,21.0,,,10000.0,90.0
934,-2,46700,PEARLS,9998,10,9995.0,27.0,,,10005,27,,,,,10001.5,90.0
937,-2,46800,PEARLS,9996,1,9995.0,30.0,,,10000,5,10004.0,1.0,10005.0,30.0,9998.0,90.0
938,-2,46900,PEARLS,9996,1,9995.0,30.0,,,10004,1,10005.0,30.0,,,10000.0,86.0
940,-2,47000,PEARLS,9995,29,,,,,10005,29,,,,,10000.0,86.0
942,-2,47100,PEARLS,9996,2,9995.0,26.0,,,10002,10,10004.0,2.0,10005.0,26.0,9999.0,86.0
944,-2,47200,PEARLS,10000,5,9996.0,1.0,9995.0,25.0,10002,1,10004.0,1.0,10005.0,25.0,10001.0,86.0
946,-2,47300,PEARLS,9996,2,9995.0,29.0,,,10004,2,10005.0,29.0,,,10000.0,86.0
948,-2,47400,PEARLS,9996,2,9995.0,27.0,,,10002,7,10004.0,2.0,10005.0,27.0,9999.0,86.0
950,-2,47500,PEARLS,9996,1,9995.0,26.0,,,10004,1,10005.0,26.0,,,10000.0,86.0
953,-2,47600,PEARLS,9996,1,9995.0,26.0,,,10004,1,10005.0,26.0,,,10000.0,86.0
955,-2,47700,PEARLS,9996,2,9995.0,22.0,,,10002,8,10004.0,2.0,10005.0,22.0,9999.0,86.0
957,-2,47800,PEARLS,9995,25,,,,,10005,25,,,,,10000.0,86.0
959,-2,47900,PEARLS,9996,2,9995.0,24.0,,,10004,2,10005.0,24.0,,,10000.0,86.0
961,-2,48000,PEARLS,9995,28,,,,,9998,1,10005.0,28.0,,,9996.5,86.0
963,-2,48100,PEARLS,9996,2,9995.0,22.0,,,10004,2,10005.0,22.0,,,10000.0,86.0
965,-2,48200,PEARLS,9998,8,9996.0,1.0,9995.0,24.0,10004,1,10005.0,24.0,,,10001.0,86.0
967,-2,48300,PEARLS,9995,26,,,,,10005,26,,,,,10000.0,86.0
969,-2,48400,PEARLS,9996,2,9995.0,28.0,,,10004,2,10005.0,28.0,,,10000.0,81.0
971,-2,48500,PEARLS,9995,25,,,,,10005,25,,,,,10000.0,81.0
973,-2,48600,PEARLS,9998,3,9996.0,2.0,9995.0,22.0,10004,2,10005.0,22.0,,,10001.0,81.0
975,-2,48700,PEARLS,9995,21,,,,,10005,21,,,,,10000.0,85.0
977,-2,48800,PEARLS,9998,9,9996.0,1.0,9995.0,24.0,10004,1,10005.0,24.0,,,10001.0,85.0
979,-2,48900,PEARLS,9996,1,9995.0,27.0,,,10004,1,10005.0,27.0,,,10000.0,85.0
981,-2,49000,PEARLS,9996,1,9995.0,20.0,,,10004,1,10005.0,20.0,,,10000.0,85.0
982,-2,49100,PEARLS,9996,1,9995.0,27.0,,,9998,1,10004.0,1.0,10005.0,27.0,9997.0,85.0
984,-2,49200,PEARLS,9998,7,9995.0,29.0,,,10005,29,,,,,10001.5,85.0
986,-2,49300,PEARLS,9998,8,9995.0,22.0,,,10005,22,,,,,10001.5,85.0
988,-2,49400,PEARLS,10002,1,9995.0,21.0,,,10005,21,,,,,10003.5,90.0
990,-2,49500,PEARLS,9996,1,9995.0,29.0,,,10004,1,10005.0,29.0,,,10000.0,90.0
992,-2,49600,PEARLS,9996,1,9995.0,29.0,,,10002,2,10004.0,1.0,10005.0,29.0,9999.0,90.0
994,-2,49700,PEARLS,9995,27,,,,,10005,27,,,,,10000.0,90.0
997,-2,49800,PEARLS,9996,2,9995.0,24.0,,,10004,2,10005.0,24.0,,,10000.0,80.0
999,-2,49900,PEARLS,9995,22,,,,,10005,22,,,,,10000.0,80.0
1000,-2,50000,PEARLS,9996,1,9995.0,27.0,,,10004,1,10005.0,27.0,,,10000.0,80.0
1002,-2,50100,PEARLS,9995,30,,,,,10005,30,,,,,10000.0,80.0
1005,-2,50200,PEARLS,9996,2,9995.0,29.0,,,10004,2,10005.0,29.0,,,10000.0,80.0
1007,-2,50300,PEARLS,10000,2,9996.0,1.0,9995.0,20.0,10004,1,10005.0,20.0,,,10002.0,76.0
1008,-2,50400,PEARLS,9996,2,9995.0,21.0,,,10004,2,10005.0,21.0,,,10000.0,76.0
1010,-2,50500,PEARLS,9998,9,9996.0,2.0,9995.0,26.0,10004,2,10005.0,26.0,,,10001.0,68.0
1013,-2,50600,PEARLS,9995,22,,,,,10005,22,,,,,10000.0,68.0
1015,-2,50700,PEARLS,9996,1,9995.0,26.0,,,10004,1,10005.0,26.0,,,10000.0,68.0
1016,-2,50800,PEARLS,9998,10,9995.0,30.0,,,10005,30,,,,,10001.5,68.0
1018,-2,50900,PEARLS,9996,2,9995.0,24.0,,,10002,1,10004.0,2.0,10005.0,24.0,9999.0,68.0
1021,-2,51000,PEARLS,9996,2,9995.0,25.0,,,9998,1,10002.0,8.0,10004.0,2.0,9997.0,60.0
1023,-2,51100,PEARLS,9996,1,9995.0,30.0,,,9998,7,10002.0,3.0,10004.0,1.0,9997.0,58.0
1024,-2,51200,PEARLS,9998,6,9996.0,2.0,9995.0,27.0,10004,2,10005.0,27.0,,,10001.0,58.0
1026,-2,51300,PEARLS,9995,26,,,,,10005,26,,,,,10000.0,58.0
1028,-2,51400,PEARLS,9996,2,9995.0,20.0,,,9998,1,10004.0,2.0,10005.0,20.0,9997.0,58.0
1030,-2,51500,PEARLS,9996,2,9995.0,29.0,,,10004,2,10005.0,29.0,,,10000.0,58.0
1032,-2,51600,PEARLS,9996,2,9995.0,30.0,,,10002,1,10004.0,2.0,10005.0,30.0,9999.0,58.0
1034,-2,51700,PEARLS,9998,3,9996.0,1.0,9995.0,20.0,10004,1,10005.0,20.0,,,10001.0,60.0
1036,-2,51800,PEARLS,9996,1,9995.0,21.0,,,10004,1,10005.0,21.0,,,10000.0,60.0
1038,-2,51900,PEARLS,10002,10,9996.0,1.0,9995.0,23.0,10004,1,10005.0,23.0,,,10003.0,64.0
1041,-2,52000,PEARLS,9996,1,9995.0,22.0,,,9998,2,10004.0,1.0,10005.0,22.0,9997.0,64.0
1043,-2,52100,PEARLS,9996,1,9995.0,23.0,,,10004,1,10005.0,23.0,,,10000.0,60.0
1045,-2,52200,PEARLS,9996,2,9995.0,24.0,,,9998,1,10002.0,3.0,10004.0,2.0,9997.0,60.0
1047,-2,52300,PEARLS,10000,4,9996.0,1.0,9995.0,28.0,10004,1,10005.0,28.0,,,10002.0,60.0
1049,-2,52400,PEARLS,9996,1,9995.0,20.0,,,10004,1,10005.0,20.0,,,10000.0,60.0
1051,-2,52500,PEARLS,9996,1,9995.0,30.0,,,10004,1,10005.0,30.0,,,10000.0,60.0
1053,-2,52600,PEARLS,9996,1,9995.0,24.0,,,10004,1,10005.0,24.0,,,10000.0,60.0
1055,-2,52700,PEARLS,10002,3,9996.0,1.0,9995.0,20.0,10004,1,10005.0,20.0,,,10003.0,60.0
1057,-2,52800,PEARLS,9995,22,,,,,10005,22,,,,,10000.0,66.0
1059,-2,52900,PEARLS,9995,25,,,,,10005,25,,,,,10000.0,66.0
1061,-2,53000,PEARLS,9998,3,9996.0,1.0,9995.0,21.0,10004,1,10005.0,21.0,,,10001.0,64.0
1063,-2,53100,PEARLS,9996,1,9995.0,22.0,,,10004,1,10005.0,22.0,,,10000.0,64.0
1065,-2,53200,PEARLS,10002,1,9996.0,2.0,9995.0,26.0,10004,2,10005.0,26.0,,,10003.0,64.0
1067,-2,53300,PEARLS,9996,2,9995.0,23.0,,,9998,2,10002.0,8.0,10004.0,2.0,9997.0,66.0
1069,-2,53400,PEARLS,9996,1,9995.0,27.0,,,10004,1,10005.0,27.0,,,10000.0,62.0
1070,-2,53500,PEARLS,9995,21,,,,,10002,3,10005.0,21.0,,,9998.5,62.0
1072,-2,53600,PEARLS,9998,2,9996.0,2.0,9995.0,25.0,10004,2,10005.0,25.0,,,10001.0,62.0
1074,-2,53700,PEARLS,9996,2,9995.0,21.0,,,10004,2,10005.0,21.0,,,10000.0,60.0
1076,-2,53800,PEARLS,9996,1,9995.0,24.0,,,10000,6,10004.0,1.0,10005.0,24.0,9998.0,68.0
1078,-2,53900,PEARLS,9996,1,9995.0,30.0,,,10002,9,10004.0,1.0,10005.0,30.0,9999.0,70.0
1080,-2,54000,PEARLS,9998,3,9996.0,1.0,9995.0,30.0,10004,1,10005.0,30.0,,,10001.0,70.0
1082,-2,54100,PEARLS,9998,10,9996.0,1.0,9995.0,26.0,10004,1,10005.0,26.0,,,10001.0,70.0
1084,-2,54200,PEARLS,9996,2,9995.0,28.0,,,9998,1,10004.0,2.0,10005.0,28.0,9997.0,70.0
1086,-2,54300,PEARLS,9996,2,9995.0,22.0,,,9998,1,10004.0,2.0,10005.0,22.0,9997.0,70.0
1089,-2,54400,PEARLS,9996,1,9995.0,29.0,,,10004,1,10005.0,29.0,,,10000.0,68.0
1090,-2,54500,PEARLS,9996,2,9995.0,22.0,,,9998,1,10004.0,2.0,10005.0,22.0,9997.0,68.0
1093,-2,54600,PEARLS,9996,1,9995.0,24.0,,,10004,1,10005.0,24.0,,,10000.0,68.0
1094,-2,54700,PEARLS,9996,1,9995.0,24.0,,,10004,1,10005.0,24.0,,,10000.0,44.0
1097,-2,54800,PEARLS,9996,2,9995.0,29.0,,,10002,5,10004.0,2.0,10005.0,29.0,9999.0,44.0
1098,-2,54900,PEARLS,9996,1,9995.0,24.0,,,10002,1,10004.0,1.0,10005.0,24.0,9999.0,50.0
1101,-2,55000,PEARLS,9998,4,9996.0,1.0,9995.0,23.0,10000,3,10004.0,1.0,10005.0,23.0,9999.0,50.0
1102,-2,55100,PEARLS,9995,21,,,,,10005,21,,,,,10000.0,50.0
1105,-2,55200,PEARLS,9996,1,9995.0,20.0,,,10004,1,10005.0,20.0,,,10000.0,50.0
1106,-2,55300,PEARLS,9995,29,,,,,10005,29,,,,,10000.0,50.0
1109,-2,55400,PEARLS,9996,1,9995.0,27.0,,,10004,1,10005.0,27.0,,,10000.0,50.0
1110,-2,55500,PEARLS,9996,2,9995.0,29.0,,,10004,2,10005.0,29.0,,,10000.0,50.0
1113,-2,55600,PEARLS,9995,29,,,,,10005,29,,,,,10000.0,50.0
1114,-2,55700,PEARLS,9995,21,,,,,10005,21,,,,,10000.0,50.0
1116,-2,55800,PEARLS,9996,2,9995.0,20.0,,,10004,2,10005.0,20.0,,,10000.0,50.0
1118,-2,55900,PEARLS,9996,1,9995.0,26.0,,,10004,1,10005.0,26.0,,,10000.0,50.0
1120,-2,56000,PEARLS,9995,29,,,,,10005,29,,,,,10000.0,50.0
1122,-2,56100,PEARLS,9996,1,9995.0,22.0,,,10004,1,10005.0,22.0,,,10000.0,50.0
1124,-2,56200,PEARLS,9995,23,,,,,10005,23,,,,,10000.0,54.0
1126,-2,56300,PEARLS,9996,2,9995.0,29.0,,,10002,4,10004.0,2.0,10005.0,29.0,9999.0,54.0
1128,-2,56400,PEARLS,9996,1,9995.0,24.0,,,10004,1,10005.0,24.0,,,10000.0,54.0
1131,-2,56500,PEARLS,9998,9,9996.0,2.0,9995.0,20.0,10004,2,10005.0,20.0,,,10001.0,52.0
1133,-2,56600,PEARLS,9996,2,9995.0,26.0,,,10004,2,10005.0,26.0,,,10000.0,52.0
1135,-2,56700,PEARLS,10002,1,9996.0,2.0,9995.0,20.0,10004,2,10005.0,20.0,,,10003.0,52.0
1137,-2,56800,PEARLS,9998,4,9996.0,2.0,9995.0,23.0,10004,2,10005.0,23.0,,,10001.0,54.0
1139,-2,56900,PEARLS,9996,1,9995.0,20.0,,,10004,1,10005.0,20.0,,,10000.0,54.0
1141,-2,57000,PEARLS,9996,2,9995.0,30.0,,,10004,2,10005.0,30.0,,,10000.0,54.0
1143,-2,57100,PEARLS,10002,1,9995.0,24.0,,,10005,24,,,,,10003.5,58.0
1145,-2,57200,PEARLS,10002,1,9995.0,24.0,,,10005,24,,,,,10003.5,60.0
1147,-2,57300,PEARLS,10002,1,9995.0,21.0,,,10005,21,,,,,10003.5,62.0
1149,-2,57400,PEARLS,9996,2,9995.0,23.0,,,10002,4,10004.0,2.0,10005.0,23.0,9999.0,64.0
1151,-2,57500,PEARLS,9996,2,9995.0,23.0,,,10004,2,10005.0,23.0,,,10000.0,64.0
1153,-2,57600,PEARLS,9996,2,9995.0,30.0,,,10004,2,10005.0,30.0,,,10000.0,64.0
1155,-2,57700,PEARLS,10002,2,9996.0,1.0,9995.0,25.0,10004,1,10005.0,25.0,,,10003.0,64.0
1157,-2,57800,PEARLS,9995,29,,,,,10005,29,,,,,10000.0,68.0
1159,-2,57900,PEARLS,9996,2,9995.0,28.0,,,10004,2,10005.0,28.0,,,10000.0,68.0
1160,-2,58000,PEARLS,10000,3,9996.0,1.0,9995.0,22.0,10004,1,10005.0,22.0,,,10002.0,68.0
1162,-2,58100,PEARLS,9998,6,9996.0,1.0,9995.0,27.0,10004,1,10005.0,27.0,,,10001.0,68.0
1164,-2,58200,PEARLS,9998,9,9996.0,1.0,9995.0,25.0,10004,1,10005.0,25.0,,,10001.0,68.0
1166,-2,58300,PEARLS,9995,22,,,,,10005,22,,,,,10000.0,68.0
1168,-2,58400,PEARLS,9996,1,9995.0,28.0,,,10004,1,10005.0,28.0,,,10000.0,68.0
1170,-2,58500,PEARLS,9998,1,9996.0,2.0,9995.0,21.0,10004,2,10005.0,21.0,,,10001.0,64.0
1172,-2,58600,PEARLS,9995,29,,,,,9998,1,10002.0,10.0,10005.0,29.0,9996.5,64.0
1174,-2,58700,PEARLS,9996,2,9995.0,28.0,,,10004,2,10005.0,28.0,,,10000.0,62.0
1177,-2,58800,PEARLS,9996,1,9995.0,21.0,,,10002,10,10004.0,1.0,10005.0,21.0,9999.0,62.0
1179,-2,58900,PEARLS,9996,1,9995.0,25.0,,,10004,1,10005.0,25.0,,,10000.0,62.0
1180,-2,59000,PEARLS,9995,22,,,,,10005,22,,,,,10000.0,62.0
1182,-2,59100,PEARLS,9996,2,9995.0,26.0,,,10004,2,10005.0,26.0,,,10000.0,62.0
1185,-2,59200,PEARLS,9995,24,,,,,10005,24,,,,,10000.0,62.0
1187,-2,59300,PEARLS,9996,1,9995.0,23.0,,,9998,1,10004.0,1.0,10005.0,23.0,9997.0,62.0
1188,-2,59400,PEARLS,10002,1,9996.0,2.0,9995.0,27.0,10004,2,10005.0,27.0,,,10003.0,62.0
1190,-2,59500,PEARLS,9995,26,,,,,10005,26,,,,,10000.0,62.0
1193,-2,59600,PEARLS,9998,4,9996.0,1.0,9995.0,27.0,10004,1,10005.0,27.0,,,10001.0,82.0
1195,-2,59700,PEARLS,10002,1,9996.0,1.0,9995.0,20.0,10004,1,10005.0,20.0,,,10003.0,94.0
1196,-2,59800,PEARLS,9996,2,9995.0,22.0,,,10000,5,10004.0,2.0,10005.0,22.0,9998.0,94.0
1198,-2,59900,PEARLS,9996,1,9995.0,22.0,,,10004,1,10005.0,22.0,,,10000.0,94.0
1201,-2,60000,PEARLS,9995,26,,,,,10005,26,,,,,10000.0,94.0
1203,-2,60100,PEARLS,9996,1,9995.0,23.0,,,9998,1,10004.0,1.0,10005.0,23.0,9997.0,94.0
1204,-2,60200,PEARLS,9996,1,9995.0,23.0,,,10004,1,10005.0,23.0,,,10000.0,94.0
1206,-2,60300,PEARLS,9996,2,9995.0,26.0,,,10004,2,10005.0,26.0,,,10000.0,86.0
1208,-2,60400,PEARLS,9996,2,9995.0,20.0,,,10004,2,10005.0,20.0,,,10000.0,52.0
1210,-2,60500,PEARLS,9996,1,9995.0,29.0,,,9998,1,10004.0,1.0,10005.0,29.0,9997.0,52.0
1212,-2,60600,PEARLS,9996,1,9995.0,26.0,,,10004,1,10005.0,26.0,,,10000.0,50.0
1214,-2,60700,PEARLS,9996,1,9995.0,26.0,,,10004,1,10005.0,26.0,,,10000.0,50.0
1216,-2,60800,PEARLS,9996,1,9995.0,20.0,,,10002,6,10004.0,1.0,10005.0,20.0,9999.0,50.0
1219,-2,60900,PEARLS,9996,1,9995.0,21.0,,,10004,1,10005.0,21.0,,,10000.0,50.0
1221,-2,61000,PEARLS,9995,22,,,,,10005,22,,,,,10000.0,50.0
1223,-2,61100,PEARLS,10002,1,9995.0,29.0,,,10005,29,,,,,10003.5,50.0
1225,-2,61200,PEARLS,9996,1,9995.0,29.0,,,10002,4,10004.0,1.0,10005.0,29.0,9999.0,62.0
1227,-2,61300,PEARLS,9996,2,9995.0,25.0,,,10004,2,10005.0,25.0,,,10000.0,62.0
1229,-2,61400,PEARLS,10002,5,9995.0,29.0,,,10005,29,,,,,10003.5,62.0
1231,-2,61500,PEARLS,9995,21,,,,,10005,21,,,,,10000.0,62.0
1233,-2,61600,PEARLS,9995,27,,,,,9998,3,10002.0,2.0,10005.0,27.0,9996.5,62.0
1235,-2,61700,PEARLS,9995,30,,,,,10005,30,,,,,10000.0,62.0
1237,-2,61800,PEARLS,9998,7,9996.0,1.0,9995.0,25.0,10004,1,10005.0,25.0,,,10001.0,62.0
1239,-2,61900,PEARLS,9996,2,9995.0,20.0,,,10004,2,10005.0,20.0,,,10000.0,62.0
1241,-2,62000,PEARLS,9996,1,9995.0,20.0,,,10004,1,10005.0,20.0,,,10000.0,62.0
1243,-2,62100,PEARLS,9995,22,,,,,10005,22,,,,,10000.0,62.0
1245,-2,62200,PEARLS,9996,2,9995.0,27.0,,,10004,2,10005.0,27.0,,,10000.0,62.0
1247,-2,62300,PEARLS,9996,1,9995.0,24.0,,,10004,1,10005.0,24.0,,,10000.0,62.0
1248,-2,62400,PEARLS,9996,2,9995.0,24.0,,,10004,2,10005.0,24.0,,,10000.0,66.0
1250,-2,62500,PEARLS,9996,2,9995.0,26.0,,,10002,2,10004.0,2.0,10005.0,26.0,9999.0,66.0
1252,-2,62600,PEARLS,9996,2,9995.0,27.0,,,10002,10,10004.0,2.0,10005.0,27.0,9999.0,66.0
1254,-2,62700,PEARLS,9996,2,9995.0,23.0,,,10004,2,10005.0,23.0,,,10000.0,66.0
1256,-2,62800,PEARLS,9996,1,9995.0,22.0,,,10004,1,10005.0,22.0,,,10000.0,66.0
1258,-2,62900,PEARLS,9996,1,9995.0,28.0,,,10002,10,10004.0,1.0,10005.0,28.0,9999.0,66.0
1260,-2,63000,PEARLS,9996,1,9995.0,22.0,,,10000,6,10004.0,1.0,10005.0,22.0,9998.0,66.0
1262,-2,63100,PEARLS,9995,24,,,,,10005,24,,,,,10000.0,66.0
1265,-2,63200,PEARLS,9998,6,9996.0,2.0,9995.0,26.0,10004,2,10005.0,26.0,,,10001.0,66.0
1266,-2,63300,PEARLS,9995,23,,,,,9998,1,10005.0,23.0,,,9996.5,64.0
1269,-2,63400,PEARLS,9996,1,9995.0,21.0,,,10002,5,10004.0,1.0,10005.0,21.0,9999.0,62.0
1270,-2,63500,PEARLS,9995,22,,,,,9998,6,10005.0,22.0,,,9996.5,62.0
1273,-2,63600,PEARLS,9996,2,9995.0,20.0,,,10004,2,10005.0,20.0,,,10000.0,50.0
1274,-2,63700,PEARLS,9996,1,9995.0,30.0,,,9998,1,10004.0,1.0,10005.0,30.0,9997.0,50.0
1277,-2,63800,PEARLS,9996,1,9995.0,20.0,,,10004,1,10005.0,20.0,,,10000.0,46.0
1278,-2,63900,PEARLS,10002,5,9998.0,8.0,9996.0,2.0,10004,2,10005.0,25.0,,,10003.0,46.0
1281,-2,64000,PEARLS,9998,7,9996.0,1.0,9995.0,28.0,10004,1,10005.0,28.0,,,10001.0,46.0
1282,-2,64100,PEARLS,9998,10,9996.0,2.0,9995.0,30.0,10004,2,10005.0,30.0,,,10001.0,46.0
1285,-2,64200,PEARLS,9995,22,,,,,10005,22,,,,,10000.0,46.0
1286,-2,64300,PEARLS,9998,8,9996.0,1.0,9995.0,28.0,10004,1,10005.0,28.0,,,10001.0,36.0
1289,-2,64400,PEARLS,9995,24,,,,,9998,9,10002.0,7.0,10005.0,24.0,9996.5,36.0
1290,-2,64500,PEARLS,9995,26,,,,,10005,26,,,,,10000.0,38.0
1292,-2,64600,PEARLS,10002,1,9996.0,2.0,9995.0,23.0,10004,2,10005.0,23.0,,,10003.0,48.0
1294,-2,64700,PEARLS,9998,10,9996.0,1.0,9995.0,28.0,10004,1,10005.0,28.0,,,10001.0,48.0
1296,-2,64800,PEARLS,10002,1,9996.0,2.0,9995.0,25.0,10004,2,10005.0,25.0,,,10003.0,48.0
1298,-2,64900,PEARLS,10002,1,9998.0,6.0,9995.0,29.0,10005,29,,,,,10003.5,48.0
1300,-2,65000,PEARLS,9996,1,9995.0,21.0,,,10004,1,10005.0,21.0,,,10000.0,58.0
1302,-2,65100,PEARLS,9995,26,,,,,10002,6,10005.0,26.0,,,9998.5,58.0
1304,-2,65200,PEARLS,9996,2,9995.0,29.0,,,10004,2,10005.0,29.0,,,10000.0,58.0
1306,-2,65300,PEARLS,10000,4,9996.0,1.0,9995.0,22.0,10004,1,10005.0,22.0,,,10002.0,56.0
1309,-2,65400,PEARLS,10002,1,9995.0,20.0,,,10005,20,,,,,10003.5,56.0
1311,-2,65500,PEARLS,9996,1,9995.0,21.0,,,9998,1,10004.0,1.0,10005.0,21.0,9997.0,56.0
1313,-2,65600,PEARLS,9995,30,,,,,10005,30,,,,,10000.0,54.0
1315,-2,65700,PEARLS,9995,26,,,,,10005,26,,,,,10000.0,49.0
1317,-2,65800,PEARLS,9996,2,9995.0,28.0,,,10004,2,10005.0,28.0,,,10000.0,49.0
1319,-2,65900,PEARLS,9995,25,,,,,9998,1,10005.0,25.0,,,9996.5,45.0
1321,-2,66000,PEARLS,9998,7,9996.0,1.0,9995.0,27.0,10004,1,10005.0,27.0,,,10001.0,41.0
1323,-2,66100,PEARLS,9996,1,9995.0,24.0,,,10004,1,10005.0,24.0,,,10000.0,41.0
1325,-2,66200,PEARLS,9995,24,,,,,10005,24,,,,,10000.0,41.0
1327,-2,66300,PEARLS,9998,1,9996.0,1.0,9995.0,26.0,10004,1,10005.0,26.0,,,10001.0,41.0
1329,-2,66400,PEARLS,9995,25,,,,,10002,9,10005.0,25.0,,,9998.5,41.0
1331,-2,66500,PEARLS,9998,7,9995.0,24.0,,,10005,24,,,,,10001.5,41.0
1333,-2,66600,PEARLS,9998,7,9996.0,1.0,9995.0,30.0,10004,1,10005.0,30.0,,,10001.0,41.0
1335,-2,66700,PEARLS,9995,21,,,,,9998,2,10005.0,21.0,,,9996.5,41.0
1337,-2,66800,PEARLS,9996,1,9995.0,28.0,,,9998,1,10004.0,1.0,10005.0,28.0,9997.0,37.0
1338,-2,66900,PEARLS,9996,1,9995.0,29.0,,,10000,4,10004.0,1.0,10005.0,29.0,9998.0,37.0
1340,-2,67000,PEARLS,9996,1,9995.0,21.0,,,10004,1,10005.0,21.0,,,10000.0,37.0
1342,-2,67100,PEARLS,9995,29,,,,,10002,3,10005.0,29.0,,,9998.5,37.0
1344,-2,67200,PEARLS,9996,1,9995.0,23.0,,,10002,8,10004.0,1.0,10005.0,23.0,9999.0,37.0
1346,-2,67300,PEARLS,9995,26,,,,,10005,26,,,,,10000.0,37.0
1348,-2,67400,PEARLS,9996,1,9995.0,26.0,,,10004,1,10005.0,26.0,,,10000.0,37.0
1350,-2,67500,PEARLS,9996,2,9995.0,27.0,,,10002,8,10004.0,2.0,10005.0,27.0,9999.0,33.0
1352,-2,67600,PEARLS,9996,2,9995.0,30.0,,,10004,2,10005.0,30.0,,,10000.0,33.0
1354,-2,67700,PEARLS,9995,29,,,,,10005,29,,,,,10000.0,33.0
1357,-2,67800,PEARLS,9996,2,9995.0,21.0,,,10004,2,10005.0,21.0,,,10000.0,33.0
1359,-2,67900,PEARLS,9998,9,9996.0,2.0,9995.0,30.0,10004,2,10005.0,30.0,,,10001.0,33.0
1360,-2,68000,PEARLS,10002,5,9995.0,25.0,,,10005,25,,,,,10003.5,29.0
1362,-2,68100,PEARLS,9996,1,9995.0,28.0,,,10002,2,10004.0,1.0,10005.0,28.0,9999.0,56.0
1365,-2,68200,PEARLS,9998,7,9995.0,20.0,,,10005,20,,,,,10001.5,56.0
1367,-2,68300,PEARLS,9996,1,9995.0,20.0,,,10004,1,10005.0,20.0,,,10000.0,56.0
1368,-2,68400,PEARLS,9996,2,9995.0,25.0,,,10004,2,10005.0,25.0,,,10000.0,56.0
1370,-2,68500,PEARLS,10002,1,9996.0,2.0,9995.0,23.0,10004,2,10005.0,23.0,,,10003.0,56.0
1373,-2,68600,PEARLS,9996,2,9995.0,25.0,,,10004,2,10005.0,25.0,,,10000.0,58.0
1375,-2,68700,PEARLS,9995,25,,,,,10005,25,,,,,10000.0,58.0
1376,-2,68800,PEARLS,9996,2,9995.0,26.0,,,10002,4,10004.0,2.0,10005.0,26.0,9999.0,58.0
1378,-2,68900,PEARLS,10002,1,9995.0,25.0,,,10005,25,,,,,10003.5,58.0
1381,-2,69000,PEARLS,9996,2,9995.0,21.0,,,10004,2,10005.0,21.0,,,10000.0,60.0
1382,-2,69100,PEARLS,9995,25,,,,,10005,25,,,,,10000.0,60.0
1384,-2,69200,PEARLS,9996,2,9995.0,24.0,,,10004,2,10005.0,24.0,,,10000.0,60.0
1386,-2,69300,PEARLS,9995,28,,,,,10005,28,,,,,10000.0,60.0
1388,-2,69400,PEARLS,9998,6,9996.0,2.0,9995.0,20.0,10004,2,10005.0,20.0,,,10001.0,70.0
1390,-2,69500,PEARLS,9995,20,,,,,10002,1,10005.0,20.0,,,9998.5,70.0
1392,-2,69600,PEARLS,9996,1,9995.0,21.0,,,10004,1,10005.0,21.0,,,10000.0,70.0
1394,-2,69700,PEARLS,9995,21,,,,,10005,21,,,,,10000.0,70.0
1397,-2,69800,PEARLS,9996,1,9995.0,26.0,,,10004,1,10005.0,26.0,,,10000.0,70.0
1399,-2,69900,PEARLS,9998,8,9995.0,29.0,,,10005,29,,,,,10001.5,70.0
1401,-2,70000,PEARLS,9998,2,9996.0,2.0,9995.0,26.0,10004,2,10005.0,26.0,,,10001.0,70.0
1403,-2,70100,PEARLS,9996,2,9995.0,22.0,,,10002,8,10004.0,2.0,10005.0,22.0,9999.0,70.0
1405,-2,70200,PEARLS,9996,2,9995.0,29.0,,,10002,3,10004.0,2.0,10005.0,29.0,9999.0,70.0
1407,-2,70300,PEARLS,9996,1,9995.0,28.0,,,10004,1,10005.0,28.0,,,10000.0,70.0
1409,-2,70400,PEARLS,9996,2,9995.0,24.0,,,10002,3,10004.0,2.0,10005.0,24.0,9999.0,70.0
1411,-2,70500,PEARLS,9996,2,9995.0,23.0,,,10004,2,10005.0,23.0,,,10000.0,70.0
1413,-2,70600,PEARLS,9995,30,,,,,10005,30,,,,,10000.0,70.0
1415,-2,70700,PEARLS,9995,22,,,,,10005,22,,,,,10000.0,70.0
1417,-2,70800,PEARLS,9995,28,,,,,10005,28,,,,,10000.0,70.0
1419,-2,70900,PEARLS,9995,26,,,,,10005,26,,,,,10000.0,70.0
1421,-2,71000,PEARLS,9996,2,9995.0,29.0,,,9998,1,10004.0,2.0,10005.0,29.0,9997.0,70.0
1423,-2,71100,PEARLS,9998,4,9995.0,25.0,,,10005,25,,,,,10001.5,70.0
1425,-2,71200,PEARLS,10000,5,9996.0,2.0,9995.0,26.0,10004,2,10005.0,26.0,,,10002.0,70.0
1426,-2,71300,PEARLS,9995,29,,,,,10005,29,,,,,10000.0,70.0
1428,-2,71400,PEARLS,9995,29,,,,,10002,8,10005.0,29.0,,,9998.5,70.0
1430,-2,71500,PEARLS,9998,10,9995.0,30.0,,,10005,30,,,,,10001.5,70.0
1432,-2,71600,PEARLS,9995,20,,,,,10005,20,,,,,10000.0,70.0
1434,-2,71700,PEARLS,9995,20,,,,,10005,20,,,,,10000.0,20.0
1436,-2,71800,PEARLS,9998,3,9996.0,2.0,9995.0,23.0,10004,2,10005.0,23.0,,,10001.0,20.0
1438,-2,71900,PEARLS,9996,2,9995.0,28.0,,,10004,2,10005.0,28.0,,,10000.0,20.0
1441,-2,72000,PEARLS,10002,2,9995.0,26.0,,,10005,26,,,,,10003.5,20.0
1442,-2,72100,PEARLS,9998,1,9996.0,1.0,9995.0,23.0,10004,1,10005.0,23.0,,,10001.0,20.0
1445,-2,72200,PEARLS,9995,24,,,,,10002,10,10005.0,24.0,,,9998.5,20.0
1446,-2,72300,PEARLS,9996,1,9995.0,29.0,,,10004,1,10005.0,29.0,,,10000.0,20.0
1449,-2,72400,PEARLS,9996,2,9995.0,21.0,,,10002,4,10004.0,2.0,10005.0,21.0,9999.0,20.0
1450,-2,72500,PEARLS,9996,2,9995.0,22.0,,,10004,2,10005.0,22.0,,,10000.0,20.0
1453,-2,72600,PEARLS,9996,1,9995.0,21.0,,,10004,1,10005.0,21.0,,,10000.0,20.0
1454,-2,72700,PEARLS,9995,23,,,,,10005,23,,,,,10000.0,20.0
1457,-2,72800,PEARLS,9996,1,9995.0,25.0,,,10004,1,10005.0,25.0,,,10000.0,20.0
1458,-2,72900,PEARLS,9996,2,9995.0,23.0,,,9998,1,10004.0,2.0,10005.0,23.0,9997.0,20.0
1461,-2,73000,PEARLS,9995,24,,,,,10005,24,,,,,10000.0,20.0
1462,-2,73100,PEARLS,9995,26,,,,,10005,26,,,,,10000.0,20.0
1465,-2,73200,PEARLS,9998,1,9996.0,2.0,9995.0,28.0,10004,2,10005.0,28.0,,,10001.0,20.0
1466,-2,73300,PEARLS,9996,2,9995.0,30.0,,,10004,2,10005.0,30.0,,,10000.0,20.0
1469,-2,73400,PEARLS,9998,2,9996.0,1.0,9995.0,30.0,10004,1,10005.0,30.0,,,10001.0,20.0
1470,-2,73500,PEARLS,9995,20,,,,,10005,20,,,,,10000.0,20.0
1472,-2,73600,PEARLS,9995,26,,,,,10005,26,,,,,10000.0,20.0
1474,-2,73700,PEARLS,9995,30,,,,,10005,30,,,,,10000.0,20.0
1476,-2,73800,PEARLS,10000,3,9995.0,30.0,,,10005,30,,,,,10002.5,20.0
1478,-2,73900,PEARLS,9996,1,9995.0,26.0,,,10004,1,10005.0,26.0,,,10000.0,20.0
1480,-2,74000,PEARLS,9995,29,,,,,10005,29,,,,,10000.0,20.0
1482,-2,74100,PEARLS,10002,1,9996.0,2.0,9995.0,29.0,10004,2,10005.0,29.0,,,10003.0,20.0
1484,-2,74200,PEARLS,9996,1,9995.0,27.0,,,10002,1,10004.0,1.0,10005.0,27.0,9999.0,22.0
1487,-2,74300,PEARLS,9995,25,,,,,10005,25,,,,,10000.0,22.0
1489,-2,74400,PEARLS,10000,6,9996.0,1.0,9995.0,20.0,10004,1,10005.0,20.0,,,10002.0,22.0
1491,-2,74500,PEARLS,9996,1,9995.0,22.0,,,10004,1,10005.0,22.0,,,10000.0,26.0
1493,-2,74600,PEARLS,9996,1,9995.0,30.0,,,10004,1,10005.0,30.0,,,10000.0,26.0
1495,-2,74700,PEARLS,9996,2,9995.0,24.0,,,10002,3,10004.0,2.0,10005.0,24.0,9999.0,26.0
1497,-2,74800,PEARLS,9996,1,9995.0,25.0,,,10004,1,10005.0,25.0,,,10000.0,26.0
1499,-2,74900,PEARLS,10002,1,9995.0,24.0,,,10005,24,,,,,10003.5,26.0
1501,-2,75000,PEARLS,9995,30,,,,,10005,30,,,,,10000.0,28.0
1503,-2,75100,PEARLS,9995,25,,,,,10005,25,,,,,10000.0,28.0
1505,-2,75200,PEARLS,9996,2,9995.0,20.0,,,10004,2,10005.0,20.0,,,10000.0,28.0
1507,-2,75300,PEARLS,9995,27,,,,,10002,5,10005.0,27.0,,,9998.5,24.0
1509,-2,75400,PEARLS,9995,30,,,,,10005,30,,,,,10000.0,24.0
1511,-2,75500,PEARLS,9996,1,9995.0,29.0,,,10004,1,10005.0,29.0,,,10000.0,24.0
1513,-2,75600,PEARLS,10000,6,9998.0,8.0,9996.0,2.0,10004,2,10005.0,20.0,,,10002.0,24.0
1515,-2,75700,PEARLS,10002,3,9996.0,1.0,9995.0,21.0,10004,1,10005.0,21.0,,,10003.0,24.0
1516,-2,75800,PEARLS,9998,2,9996.0,1.0,9995.0,21.0,10004,1,10005.0,21.0,,,10001.0,24.0
1518,-2,75900,PEARLS,9996,2,9995.0,30.0,,,10004,2,10005.0,30.0,,,10000.0,24.0
1520,-2,76000,PEARLS,9996,1,9995.0,21.0,,,10002,1,10004.0,1.0,10005.0,21.0,9999.0,24.0
1522,-2,76100,PEARLS,9996,2,9995.0,26.0,,,10002,9,10004.0,2.0,10005.0,26.0,9999.0,24.0
1524,-2,76200,PEARLS,9998,5,9995.0,26.0,,,10005,26,,,,,10001.5,24.0
1526,-2,76300,PEARLS,9995,27,,,,,9998,1,10002.0,9.0,10005.0,27.0,9996.5,24.0
1528,-2,76400,PEARLS,9996,2,9995.0,26.0,,,10000,2,10004.0,2.0,10005.0,26.0,9998.0,26.0
1531,-2,76500,PEARLS,9996,1,9995.0,30.0,,,10004,1,10005.0,30.0,,,10000.0,26.0
1532,-2,76600,PEARLS,9998,2,9996.0,2.0,9995.0,29.0,10004,2,10005.0,29.0,,,10001.0,26.0
1534,-2,76700,PEARLS,9998,5,9996.0,2.0,9995.0,20.0,10004,2,10005.0,20.0,,,10001.0,26.0
1537,-2,76800,PEARLS,9996,1,9995.0,25.0,,,10004,1,10005.0,25.0,,,10000.0,26.0
1539,-2,76900,PEARLS,9998,2,9996.0,1.0,9995.0,30.0,10004,1,10005.0,30.0,,,10001.0,26.0
1540,-2,77000,PEARLS,9995,25,,,,,10002,8,10005.0,25.0,,,9998.5,26.0
1542,-2,77100,PEARLS,9998,3,9996.0,2.0,9995.0,25.0,10004,2,10005.0,25.0,,,10001.0,26.0
1545,-2,77200,PEARLS,9996,2,9995.0,26.0,,,10004,2,10005.0,26.0,,,10000.0,26.0
1547,-2,77300,PEARLS,9995,30,,,,,10005,30,,,,,10000.0,26.0
1548,-2,77400,PEARLS,9998,2,9996.0,1.0,9995.0,27.0,10000,6,10004.0,1.0,10005.0,27.0,9999.0,26.0
1550,-2,77500,PEARLS,9998,8,9995.0,20.0,,,10005,20,,,,,10001.5,26.0
1553,-2,77600,PEARLS,10000,2,9996.0,1.0,9995.0,25.0,10004,1,10005.0,25.0,,,10002.0,26.0
1555,-2,77700,PEARLS,9998,1,9996.0,2.0,9995.0,24.0,10004,2,10005.0,24.0,,,10001.0,16.0
1556,-2,77800,PEARLS,9996,2,9995.0,24.0,,,10004,2,10005.0,24.0,,,10000.0,16.0
1558,-2,77900,PEARLS,9995,30,,,,,10005,30,,,,,10000.0,16.0
1560,-2,78000,PEARLS,10002,2,9996.0,1.0,9995.0,27.0,10004,1,10005.0,27.0,,,10003.0,16.0
1562,-2,78100,PEARLS,9996,2,9995.0,30.0,,,10004,2,10005.0,30.0,,,10000.0,20.0
1564,-2,78200,PEARLS,9995,20,,,,,9998,1,10005.0,20.0,,,9996.5,20.0
1566,-2,78300,PEARLS,9995,22,,,,,10005,22,,,,,10000.0,20.0
1568,-2,78400,PEARLS,9998,1,9996.0,2.0,9995.0,26.0,10004,2,10005.0,26.0,,,10001.0,10.0
1570,-2,78500,PEARLS,10002,2,9996.0,2.0,9995.0,30.0,10004,2,10005.0,30.0,,,10003.0,10.0
1572,-2,78600,PEARLS,9995,30,,,,,10002,7,10005.0,30.0,,,9998.5,10.0
1575,-2,78700,PEARLS,9996,2,9995.0,27.0,,,10004,2,10005.0,27.0,,,10000.0,10.0
1577,-2,78800,PEARLS,9996,1,9995.0,23.0,,,10004,1,10005.0,23.0,,,10000.0,10.0
1579,-2,78900,PEARLS,9995,30,,,,,10005,30,,,,,10000.0,10.0
1581,-2,79000,PEARLS,9996,1,9995.0,21.0,,,10004,1,10005.0,21.0,,,10000.0,10.0
1583,-2,79100,PEARLS,10000,5,9995.0,27.0,,,10005,27,,,,,10002.5,24.0
1585,-2,79200,PEARLS,9996,1,9995.0,29.0,,,10002,5,10004.0,1.0,10005.0,29.0,9999.0,24.0
1587,-2,79300,PEARLS,9995,29,,,,,10005,29,,,,,10000.0,24.0
1589,-2,79400,PEARLS,10002,1,9995.0,20.0,,,10005,20,,,,,10003.5,24.0
1591,-2,79500,PEARLS,10002,1,9996.0,2.0,9995.0,26.0,10004,2,10005.0,26.0,,,10003.0,24.0
1593,-2,79600,PEARLS,9996,1,9995.0,26.0,,,10004,1,10005.0,26.0,,,10000.0,26.0
1595,-2,79700,PEARLS,9996,2,9995.0,30.0,,,10004,2,10005.0,30.0,,,10000.0,26.0
1597,-2,79800,PEARLS,9996,2,9995.0,20.0,,,10004,2,10005.0,20.0,,,10000.0,26.0
1599,-2,79900,PEARLS,9998,4,9996.0,2.0,9995.0,21.0,10004,2,10005.0,21.0,,,10001.0,26.0
1601,-2,80000,PEARLS,10002,1,9998.0,5.0,9995.0,30.0,10005,30,,,,,10003.5,26.0
1603,-2,80100,PEARLS,9996,1,9995.0,30.0,,,10002,6,10004.0,1.0,10005.0,30.0,9999.0,26.0
1604,-2,80200,PEARLS,9996,2,9995.0,25.0,,,10004,2,10005.0,25.0,,,10000.0,26.0
1606,-2,80300,PEARLS,10002,1,9996.0,1.0,9995.0,29.0,10004,1,10005.0,29.0,,,10003.0,26.0
1608,-2,80400,PEARLS,9995,23,,,,,10000,4,10005.0,23.0,,,9997.5,28.0
1610,-2,80500,PEARLS,9996,2,9995.0,21.0,,,10002,8,10004.0,2.0,10005.0,21.0,9999.0,28.0
1612,-2,80600,PEARLS,9998,3,9996.0,1.0,9995.0,26.0,10004,1,10005.0,26.0,,,10001.0,28.0
1614,-2,80700,PEARLS,9996,2,9995.0,27.0,,,10004,2,10005.0,27.0,,,10000.0,28.0
1616,-2,80800,PEARLS,9995,25,,,,,10002,4,10005.0,25.0,,,9998.5,30.0
1618,-2,80900,PEARLS,9996,2,9995.0,28.0,,,10004,2,10005.0,28.0,,,10000.0,30.0
1621,-2,81000,PEARLS,9996,2,9995.0,30.0,,,10004,2,10005.0,30.0,,,10000.0,30.0
1622,-2,81100,PEARLS,9996,1,9995.0,28.0,,,10002,6,10004.0,1.0,10005.0,28.0,9999.0,30.0
1625,-2,81200,PEARLS,9996,1,9995.0,26.0,,,10002,3,10004.0,1.0,10005.0,26.0,9999.0,30.0
1626,-2,81300,PEARLS,9996,2,9995.0,20.0,,,9998,1,10002.0,8.0,10004.0,2.0,9997.0,30.0
1629,-2,81400,PEARLS,10002,1,9996.0,2.0,9995.0,21.0,10004,2,10005.0,21.0,,,10003.0,28.0
1630,-2,81500,PEARLS,9998,2,9995.0,28.0,,,10005,28,,,,,10001.5,28.0
1633,-2,81600,PEARLS,9998,10,9995.0,20.0,,,10005,20,,,,,10001.5,28.0
1634,-2,81700,PEARLS,9996,2,9995.0,25.0,,,10002,6,10004.0,2.0,10005.0,25.0,9999.0,30.0
1637,-2,81800,PEARLS,9998,8,9996.0,1.0,9995.0,28.0,10004,1,10005.0,28.0,,,10001.0,28.0
1638,-2,81900,PEARLS,9996,2,9995.0,25.0,,,10000,4,10004.0,2.0,10005.0,25.0,9998.0,28.0
1641,-2,82000,PEARLS,9996,2,9995.0,30.0,,,10004,2,10005.0,30.0,,,10000.0,28.0
1642,-2,82100,PEARLS,9996,1,9995.0,21.0,,,10004,1,10005.0,21.0,,,10000.0,28.0
1645,-2,82200,PEARLS,9996,2,9995.0,28.0,,,10004,2,10005.0,28.0,,,10000.0,28.0
1646,-2,82300,PEARLS,9996,1,9995.0,26.0,,,10004,1,10005.0,26.0,,,10000.0,28.0
1648,-2,82400,PEARLS,9996,2,9995.0,24.0,,,10004,2,10005.0,24.0,,,10000.0,32.0
1650,-2,82500,PEARLS,9996,2,9995.0,24.0,,,10004,2,10005.0,24.0,,,10000.0,32.0
1652,-2,82600,PEARLS,9998,7,9996.0,2.0,9995.0,21.0,10004,2,10005.0,21.0,,,10001.0,32.0
1654,-2,82700,PEARLS,10002,2,9996.0,1.0,9995.0,30.0,10004,1,10005.0,30.0,,,10003.0,32.0
1656,-2,82800,PEARLS,9996,1,9995.0,21.0,,,10004,1,10005.0,21.0,,,10000.0,32.0
1658,-2,82900,PEARLS,9996,1,9995.0,22.0,,,10002,1,10004.0,1.0,10005.0,22.0,9999.0,32.0
1660,-2,83000,PEARLS,9996,1,9995.0,30.0,,,10004,1,10005.0,30.0,,,10000.0,32.0
1663,-2,83100,PEARLS,9996,1,9995.0,20.0,,,10004,1,10005.0,20.0,,,10000.0,32.0
1665,-2,83200,PEARLS,9996,1,9995.0,27.0,,,10004,1,10005.0,27.0,,,10000.0,32.0
1667,-2,83300,PEARLS,9995,22,,,,,10005,22,,,,,10000.0,24.0
1669,-2,83400,PEARLS,9996,2,9995.0,28.0,,,10004,2,10005.0,28.0,,,10000.0,24.0
1671,-2,83500,PEARLS,9996,2,9995.0,27.0,,,10002,1,10004.0,2.0,10005.0,27.0,9999.0,24.0
1673,-2,83600,PEARLS,9996,2,9995.0,23.0,,,10004,2,10005.0,23.0,,,10000.0,24.0
1675,-2,83700,PEARLS,9996,1,9995.0,26.0,,,10004,1,10005.0,26.0,,,10000.0,24.0
1677,-2,83800,PEARLS,9996,2,9995.0,30.0,,,10004,2,10005.0,30.0,,,10000.0,28.0
1679,-2,83900,PEARLS,9996,1,9995.0,26.0,,,10004,1,10005.0,26.0,,,10000.0,28.0
1681,-2,84000,PEARLS,9995,25,,,,,10005,25,,,,,10000.0,28.0
1683,-2,84100,PEARLS,9995,26,,,,,10005,26,,,,,10000.0,28.0
1685,-2,84200,PEARLS,9996,2,9995.0,25.0,,,10002,1,10004.0,2.0,10005.0,25.0,9999.0,28.0
1687,-2,84300,PEARLS,9995,25,,,,,10005,25,,,,,10000.0,28.0
1689,-2,84400,PEARLS,9996,2,9995.0,28.0,,,10002,7,10004.0,2.0,10005.0,28.0,9999.0,28.0
1691,-2,84500,PEARLS,9996,1,9995.0,28.0,,,10002,6,10004.0,1.0,10005.0,28.0,9999.0,28.0
1692,-2,84600,PEARLS,9996,2,9995.0,26.0,,,10004,2,10005.0,26.0,,,10000.0,28.0
1694,-2,84700,PEARLS,9996,2,9995.0,26.0,,,10004,2,10005.0,26.0,,,10000.0,36.0
1696,-2,84800,PEARLS,9996,1,9995.0,23.0,,,10004,1,10005.0,23.0,,,10000.0,36.0
1698,-2,84900,PEARLS,9996,2,9995.0,26.0,,,10004,2,10005.0,26.0,,,10000.0,36.0
1700,-2,85000,PEARLS,9995,30,,,,,9998,5,10005.0,30.0,,,9996.5,36.0
1702,-2,85100,PEARLS,9996,1,9995.0,25.0,,,10002,2,10004.0,1.0,10005.0,25.0,9999.0,26.0
1704,-2,85200,PEARLS,9996,1,9995.0,26.0,,,10002,1,10004.0,1.0,10005.0,26.0,9999.0,26.0
1706,-2,85300,PEARLS,9996,2,9995.0,26.0,,,10002,6,10004.0,2.0,10005.0,26.0,9999.0,26.0
1709,-2,85400,PEARLS,9998,5,9996.0,1.0,9995.0,28.0,10004,1,10005.0,28.0,,,10001.0,26.0
1711,-2,85500,PEARLS,9995,28,,,,,10005,28,,,,,10000.0,26.0
1712,-2,85600,PEARLS,9996,1,9995.0,28.0,,,10004,1,10005.0,28.0,,,10000.0,26.0
1714,-2,85700,PEARLS,9995,28,,,,,10005,28,,,,,10000.0,26.0
1717,-2,85800,PEARLS,9998,7,9996.0,1.0,9995.0,28.0,10004,1,10005.0,28.0,,,10001.0,36.0
1719,-2,85900,PEARLS,9998,2,9996.0,1.0,9995.0,29.0,10004,1,10005.0,29.0,,,10001.0,36.0
1720,-2,86000,PEARLS,9996,1,9995.0,22.0,,,10002,5,10004.0,1.0,10005.0,22.0,9999.0,32.0
1722,-2,86100,PEARLS,9998,3,9995.0,20.0,,,10005,20,,,,,10001.5,34.0
1725,-2,86200,PEARLS,9995,28,,,,,10005,28,,,,,10000.0,34.0
1727,-2,86300,PEARLS,9996,1,9995.0,28.0,,,9998,1,10004.0,1.0,10005.0,28.0,9997.0,34.0
1728,-2,86400,PEARLS,9996,1,9995.0,30.0,,,10004,1,10005.0,30.0,,,10000.0,32.0
1730,-2,86500,PEARLS,10002,1,9996.0,2.0,9995.0,21.0,10004,2,10005.0,21.0,,,10003.0,32.0
1733,-2,86600,PEARLS,9995,22,,,,,10002,5,10005.0,22.0,,,9998.5,34.0
1735,-2,86700,PEARLS,9995,21,,,,,10005,21,,,,,10000.0,34.0
1736,-2,86800,PEARLS,9995,23,,,,,10002,7,10005.0,23.0,,,9998.5,34.0
1738,-2,86900,PEARLS,9996,1,9995.0,22.0,,,10002,1,10004.0,1.0,10005.0,22.0,9999.0,34.0
1740,-2,87000,PEARLS,9995,22,,,,,10005,22,,,,,10000.0,34.0
1742,-2,87100,PEARLS,9995,23,,,,,10005,23,,,,,10000.0,34.0
1744,-2,87200,PEARLS,9998,6,9995.0,20.0,,,10005,20,,,,,10001.5,34.0
1746,-2,87300,PEARLS,9995,30,,,,,10002,3,10005.0,30.0,,,9998.5,34.0
1748,-2,87400,PEARLS,9995,28,,,,,10005,28,,,,,10000.0,34.0
1750,-2,87500,PEARLS,9996,2,9995.0,22.0,,,10002,5,10004.0,2.0,10005.0,22.0,9999.0,34.0
1753,-2,87600,PEARLS,9996,2,9995.0,28.0,,,10004,2,10005.0,28.0,,,10000.0,34.0
1755,-2,87700,PEARLS,9995,20,,,,,9998,1,10002.0,2.0,10005.0,20.0,9996.5,34.0
1757,-2,87800,PEARLS,9995,20,,,,,10005,20,,,,,10000.0,34.0
1759,-2,87900,PEARLS,10002,4,9995.0,25.0,,,10005,25,,,,,10003.5,34.0
1761,-2,88000,PEARLS,9996,2,9995.0,25.0,,,10004,2,10005.0,25.0,,,10000.0,42.0
1763,-2,88100,PEARLS,9995,28,,,,,10005,28,,,,,10000.0,42.0
1765,-2,88200,PEARLS,9995,26,,,,,10005,26,,,,,10000.0,42.0
1767,-2,88300,PEARLS,10002,1,9998.0,1.0,9996.0,2.0,10004,2,10005.0,24.0,,,10003.0,42.0
1769,-2,88400,PEARLS,9995,28,,,,,10005,28,,,,,10000.0,50.0
1771,-2,88500,PEARLS,10002,5,9996.0,2.0,9995.0,20.0,10004,2,10005.0,20.0,,,10003.0,50.0
1773,-2,88600,PEARLS,9995,25,,,,,9998,1,10005.0,25.0,,,9996.5,60.0
1775,-2,88700,PEARLS,9995,28,,,,,10005,28,,,,,10000.0,58.0
1777,-2,88800,PEARLS,9998,5,9996.0,2.0,9995.0,29.0,10000,4,10004.0,2.0,10005.0,29.0,9999.0,58.0
1779,-2,88900,PEARLS,9995,27,,,,,10002,1,10005.0,27.0,,,9998.5,58.0
1781,-2,89000,PEARLS,9996,1,9995.0,23.0,,,10004,1,10005.0,23.0,,,10000.0,58.0
1782,-2,89100,PEARLS,9996,2,9995.0,27.0,,,10004,2,10005.0,27.0,,,10000.0,58.0
1784,-2,89200,PEARLS,9996,2,9995.0,28.0,,,10004,2,10005.0,28.0,,,10000.0,58.0
1786,-2,89300,PEARLS,10002,4,9995.0,25.0,,,10005,25,,,,,10003.5,58.0
1788,-2,89400,PEARLS,9996,1,9995.0,22.0,,,10004,1,10005.0,22.0,,,10000.0,58.0
1790,-2,89500,PEARLS,9996,1,9995.0,26.0,,,10004,1,10005.0,26.0,,,10000.0,58.0
1792,-2,89600,PEARLS,9995,26,,,,,10002,6,10005.0,26.0,,,9998.5,58.0
1794,-2,89700,PEARLS,9996,2,9995.0,28.0,,,10004,2,10005.0,28.0,,,10000.0,58.0
1797,-2,89800,PEARLS,9996,1,9995.0,27.0,,,10004,1,10005.0,27.0,,,10000.0,58.0
1798,-2,89900,PEARLS,9998,10,9995.0,26.0,,,10005,26,,,,,10001.5,58.0
1801,-2,90000,PEARLS,9995,24,,,,,10005,24,,,,,10000.0,58.0
1802,-2,90100,PEARLS,9996,1,9995.0,27.0,,,10004,1,10005.0,27.0,,,10000.0,58.0
1805,-2,90200,PEARLS,10002,9,9995.0,21.0,,,10005,21,,,,,10003.5,62.0
1806,-2,90300,PEARLS,9998,8,9995.0,23.0,,,10005,23,,,,,10001.5,62.0
1809,-2,90400,PEARLS,9995,25,,,,,9998,1,10002.0,1.0,10005.0,25.0,9996.5,62.0
1810,-2,90500,PEARLS,9995,24,,,,,10005,24,,,,,10000.0,62.0
1813,-2,90600,PEARLS,9998,10,9995.0,25.0,,,10005,25,,,,,10001.5,62.0
1814,-2,90700,PEARLS,9996,1,9995.0,27.0,,,10002,6,10004.0,1.0,10005.0,27.0,9999.0,62.0
1817,-2,90800,PEARLS,9996,1,9995.0,25.0,,,10000,3,10004.0,1.0,10005.0,25.0,9998.0,74.0
1818,-2,90900,PEARLS,9995,26,,,,,10005,26,,,,,10000.0,74.0
1821,-2,91000,PEARLS,9996,1,9995.0,30.0,,,9998,1,10004.0,1.0,10005.0,30.0,9997.0,74.0
1822,-2,91100,PEARLS,9996,2,9995.0,21.0,,,10004,2,10005.0,21.0,,,10000.0,72.0
1825,-2,91200,PEARLS,9995,26,,,,,10005,26,,,,,10000.0,72.0
1826,-2,91300,PEARLS,9995,27,,,,,10005,27,,,,,10000.0,72.0
1828,-2,91400,PEARLS,10002,1,9995.0,22.0,,,10005,22,,,,,10003.5,72.0
1830,-2,91500,PEARLS,9995,26,,,,,9998,1,10005.0,26.0,,,9996.5,74.0
1832,-2,91600,PEARLS,9996,1,9995.0,29.0,,,10002,9,10004.0,1.0,10005.0,29.0,9999.0,74.0
1834,-2,91700,PEARLS,9996,2,9995.0,21.0,,,10004,2,10005.0,21.0,,,10000.0,74.0
1836,-2,91800,PEARLS,9995,24,,,,,10005,24,,,,,10000.0,74.0
1838,-2,91900,PEARLS,10002,1,9995.0,22.0,,,10005,22,,,,,10003.5,74.0
1841,-2,92000,PEARLS,9995,28,,,,,10005,28,,,,,10000.0,76.0
1843,-2,92100,PEARLS,9996,1,9995.0,21.0,,,10004,1,10005.0,21.0,,,10000.0,76.0
1845,-2,92200,PEARLS,9996,2,9995.0,28.0,,,10004,2,10005.0,28.0,,,10000.0,76.0
1847,-2,92300,PEARLS,9996,2,9995.0,27.0,,,10002,6,10004.0,2.0,10005.0,27.0,9999.0,76.0
1849,-2,92400,PEARLS,9996,2,9995.0,25.0,,,10004,2,10005.0,25.0,,,10000.0,72.0
1851,-2,92500,PEARLS,9996,2,9995.0,26.0,,,10004,2,10005.0,26.0,,,10000.0,72.0
1853,-2,92600,PEARLS,10002,5,9996.0,1.0,9995.0,22.0,10004,1,10005.0,22.0,,,10003.0,72.0
1855,-2,92700,PEARLS,9995,20,,,,,10005,20,,,,,10000.0,72.0
1857,-2,92800,PEARLS,9995,22,,,,,9998,5,10005.0,22.0,,,9996.5,72.0
1859,-2,92900,PEARLS,9995,21,,,,,10005,21,,,,,10000.0,72.0
1861,-2,93000,PEARLS,10002,1,9996.0,2.0,9995.0,20.0,10004,2,10005.0,20.0,,,10003.0,72.0
1863,-2,93100,PEARLS,9996,1,9995.0,20.0,,,9998,1,10004.0,1.0,10005.0,20.0,9997.0,74.0
1865,-2,93200,PEARLS,9996,2,9995.0,28.0,,,10004,2,10005.0,28.0,,,10000.0,72.0
1867,-2,93300,PEARLS,9998,8,9996.0,1.0,9995.0,24.0,10004,1,10005.0,24.0,,,10001.0,72.0
1869,-2,93400,PEARLS,9996,2,9995.0,24.0,,,10004,2,10005.0,24.0,,,10000.0,70.0
1870,-2,93500,PEARLS,9995,28,,,,,9998,1,10005.0,28.0,,,9996.5,70.0
1872,-2,93600,PEARLS,9995,30,,,,,10002,8,10005.0,30.0,,,9998.5,68.0
1874,-2,93700,PEARLS,9995,29,,,,,10002,7,10005.0,29.0,,,9998.5,70.0
1876,-2,93800,PEARLS,9996,2,9995.0,26.0,,,10004,2,10005.0,26.0,,,10000.0,70.0
1878,-2,93900,PEARLS,9995,28,,,,,9998,1,10005.0,28.0,,,9996.5,70.0
1880,-2,94000,PEARLS,9996,2,9995.0,28.0,,,10004,2,10005.0,28.0,,,10000.0,68.0
1882,-2,94100,PEARLS,9995,28,,,,,10002,9,10005.0,28.0,,,9998.5,68.0
1884,-2,94200,PEARLS,9996,1,9995.0,24.0,,,10004,1,10005.0,24.0,,,10000.0,68.0
1886,-2,94300,PEARLS,9995,22,,,,,10005,22,,,,,10000.0,68.0
1889,-2,94400,PEARLS,9996,1,9995.0,23.0,,,10004,1,10005.0,23.0,,,10000.0,68.0
1891,-2,94500,PEARLS,9995,23,,,,,9998,1,10005.0,23.0,,,9996.5,68.0
1892,-2,94600,PEARLS,9995,30,,,,,10005,30,,,,,10000.0,68.0
1894,-2,94700,PEARLS,9996,2,9995.0,20.0,,,10004,2,10005.0,20.0,,,10000.0,68.0
1897,-2,94800,PEARLS,9996,1,9995.0,25.0,,,10002,2,10004.0,1.0,10005.0,25.0,9999.0,32.0
1899,-2,94900,PEARLS,9995,30,,,,,10005,30,,,,,10000.0,32.0
1900,-2,95000,PEARLS,9996,2,9995.0,21.0,,,10004,2,10005.0,21.0,,,10000.0,32.0
1902,-2,95100,PEARLS,9996,2,9995.0,23.0,,,10004,2,10005.0,23.0,,,10000.0,32.0
1905,-2,95200,PEARLS,9995,23,,,,,10005,23,,,,,10000.0,24.0
1907,-2,95300,PEARLS,10002,1,9996.0,1.0,9995.0,30.0,10004,1,10005.0,30.0,,,10003.0,24.0
1908,-2,95400,PEARLS,9996,2,9995.0,23.0,,,10004,2,10005.0,23.0,,,10000.0,26.0
1910,-2,95500,PEARLS,9995,21,,,,,10002,10,10005.0,21.0,,,9998.5,26.0
1913,-2,95600,PEARLS,10000,5,9996.0,1.0,9995.0,21.0,10004,1,10005.0,21.0,,,10002.0,26.0
1915,-2,95700,PEARLS,9996,2,9995.0,30.0,,,10004,2,10005.0,30.0,,,10000.0,26.0
1916,-2,95800,PEARLS,9996,1,9995.0,25.0,,,10004,1,10005.0,25.0,,,10000.0,26.0
1918,-2,95900,PEARLS,9996,1,9995.0,24.0,,,10002,5,10004.0,1.0,10005.0,24.0,9999.0,26.0
1920,-2,96000,PEARLS,9998,7,9995.0,21.0,,,10005,21,,,,,10001.5,42.0
1922,-2,96100,PEARLS,9995,30,,,,,10005,30,,,,,10000.0,42.0
1924,-2,96200,PEARLS,9996,2,9995.0,27.0,,,10002,6,10004.0,2.0,10005.0,27.0,9999.0,37.0
1926,-2,96300,PEARLS,9995,24,,,,,10005,24,,,,,10000.0,37.0
1928,-2,96400,PEARLS,10002,3,9998.0,3.0,9996.0,1.0,10004,1,10005.0,26.0,,,10003.0,37.0
1931,-2,96500,PEARLS,9996,2,9995.0,21.0,,,10004,2,10005.0,21.0,,,10000.0,43.0
1933,-2,96600,PEARLS,9998,6,9996.0,2.0,9995.0,29.0,10004,2,10005.0,29.0,,,10001.0,43.0
1935,-2,96700,PEARLS,9996,2,9995.0,23.0,,,10002,10,10004.0,2.0,10005.0,23.0,9999.0,43.0
1937,-2,96800,PEARLS,9996,2,9995.0,25.0,,,10004,2,10005.0,25.0,,,10000.0,43.0
1939,-2,96900,PEARLS,9998,10,9995.0,21.0,,,10005,21,,,,,10001.5,43.0
1941,-2,97000,PEARLS,9996,1,9995.0,23.0,,,10004,1,10005.0,23.0,,,10000.0,58.0
1943,-2,97100,PEARLS,10000,3,9995.0,20.0,,,10002,2,10005.0,20.0,,,10001.0,58.0
1945,-2,97200,PEARLS,9995,22,,,,,10005,22,,,,,10000.0,58.0
1947,-2,97300,PEARLS,9996,2,9995.0,30.0,,,10004,2,10005.0,30.0,,,10000.0,118.0
1949,-2,97400,PEARLS,9998,4,9996.0,1.0,9995.0,30.0,10004,1,10005.0,30.0,,,10001.0,120.0
1951,-2,97500,PEARLS,9998,5,9996.0,1.0,9995.0,21.0,10004,1,10005.0,21.0,,,10001.0,120.0
1953,-2,97600,PEARLS,9996,1,9995.0,30.0,,,9998,1,10004.0,1.0,10005.0,30.0,9997.0,120.0
1955,-2,97700,PEARLS,9996,2,9995.0,30.0,,,9998,9,10002.0,9.0,10004.0,2.0,9997.0,118.0
1957,-2,97800,PEARLS,9995,24,,,,,10005,24,,,,,10000.0,118.0
1959,-2,97900,PEARLS,10002,4,9996.0,1.0,9995.0,29.0,10004,1,10005.0,29.0,,,10003.0,118.0
1960,-2,98000,PEARLS,9996,1,9995.0,30.0,,,9998,11,10004.0,1.0,10005.0,30.0,9997.0,126.0
1962,-2,98100,PEARLS,10002,1,9996.0,1.0,9995.0,26.0,10004,1,10005.0,26.0,,,10003.0,126.0
1964,-2,98200,PEARLS,9996,1,9995.0,26.0,,,10004,1,10005.0,26.0,,,10000.0,128.0
1966,-2,98300,PEARLS,9996,2,9995.0,24.0,,,9998,1,10004.0,2.0,10005.0,24.0,9997.0,128.0
1968,-2,98400,PEARLS,9995,26,,,,,10005,26,,,,,10000.0,126.0
1970,-2,98500,PEARLS,10002,3,9996.0,1.0,9995.0,24.0,10004,1,10005.0,24.0,,,10003.0,126.0
1972,-2,98600,PEARLS,9995,20,,,,,10002,10,10005.0,20.0,,,9998.5,126.0
1974,-2,98700,PEARLS,9996,2,9995.0,27.0,,,10002,1,10004.0,2.0,10005.0,27.0,9999.0,126.0
1977,-2,98800,PEARLS,9996,2,9995.0,30.0,,,10004,2,10005.0,30.0,,,10000.0,126.0
1978,-2,98900,PEARLS,10000,3,9996.0,1.0,9995.0,24.0,10004,1,10005.0,24.0,,,10002.0,122.0
1981,-2,99000,PEARLS,9996,2,9995.0,21.0,,,9998,1,10004.0,2.0,10005.0,21.0,9997.0,122.0
1982,-2,99100,PEARLS,9996,2,9995.0,20.0,,,10004,2,10005.0,20.0,,,10000.0,120.0
1985,-2,99200,PEARLS,10000,3,9996.0,2.0,9995.0,29.0,10004,2,10005.0,29.0,,,10002.0,120.0
1986,-2,99300,PEARLS,9996,1,9995.0,20.0,,,10000,2,10004.0,1.0,10005.0,20.0,9998.0,120.0
1989,-2,99400,PEARLS,9996,2,9995.0,24.0,,,10002,10,10004.0,2.0,10005.0,24.0,9999.0,120.0
1990,-2,99500,PEARLS,9996,2,9995.0,28.0,,,10004,2,10005.0,28.0,,,10000.0,120.0
1993,-2,99600,PEARLS,10002,7,9995.0,28.0,,,10005,28,,,,,10003.5,120.0
1994,-2,99700,PEARLS,9996,1,9995.0,30.0,,,10004,1,10005.0,30.0,,,10000.0,120.0
1997,-2,99800,PEARLS,9996,2,9995.0,27.0,,,10000,4,10004.0,2.0,10005.0,27.0,9998.0,120.0
1998,-2,99900,PEARLS,9998,10,9996.0,2.0,9995.0,26.0,10004,2,10005.0,26.0,,,10001.0,120.0
2001,-2,100000,PEARLS,9995,30,,,,,10005,30,,,,,10000.0,120.0
2002,-2,100100,PEARLS,9996,2,9995.0,26.0,,,9998,1,10004.0,2.0,10005.0,26.0,9997.0,120.0
2004,-2,100200,PEARLS,9995,22,,,,,10005,22,,,,,10000.0,118.0
2006,-2,100300,PEARLS,9996,1,9995.0,27.0,,,10004,1,10005.0,27.0,,,10000.0,118.0
2008,-2,100400,PEARLS,9998,5,9996.0,1.0,9995.0,20.0,10004,1,10005.0,20.0,,,10001.0,118.0
2010,-2,100500,PEARLS,9998,6,9996.0,2.0,9995.0,22.0,10004,2,10005.0,22.0,,,10001.0,116.0
2012,-2,100600,PEARLS,9998,1,9996.0,1.0,9995.0,30.0,10004,1,10005.0,30.0,,,10001.0,116.0
2014,-2,100700,PEARLS,9998,5,9996.0,2.0,9995.0,25.0,10004,2,10005.0,25.0,,,10001.0,116.0
2016,-2,100800,PEARLS,9996,1,9995.0,21.0,,,10002,10,10004.0,1.0,10005.0,21.0,9999.0,116.0
2019,-2,100900,PEARLS,9996,2,9995.0,24.0,,,10004,2,10005.0,24.0,,,10000.0,116.0
2021,-2,101000,PEARLS,9998,9,9996.0,1.0,9995.0,20.0,10004,1,10005.0,20.0,,,10001.0,116.0
2023,-2,101100,PEARLS,9996,1,9995.0,27.0,,,10004,1,10005.0,27.0,,,10000.0,116.0
2025,-2,101200,PEARLS,9996,2,9995.0,21.0,,,10004,2,10005.0,21.0,,,10000.0,116.0
2027,-2,101300,PEARLS,9996,1,9995.0,27.0,,,9998,8,10004.0,1.0,10005.0,27.0,9997.0,116.0
2029,-2,101400,PEARLS,9996,2,9995.0,24.0,,,10004,2,10005.0,24.0,,,10000.0,116.0
2031,-2,101500,PEARLS,9995,26,,,,,10002,9,10005.0,26.0,,,9998.5,116.0
2033,-2,101600,PEARLS,9996,2,9995.0,26.0,,,10004,2,10005.0,26.0,,,10000.0,116.0
2035,-2,101700,PEARLS,9998,1,9995.0,22.0,,,10005,22,,,,,10001.5,116.0
2037,-2,101800,PEARLS,9995,23,,,,,10002,7,10005.0,23.0,,,9998.5,116.0
2039,-2,101900,PEARLS,9996,1,9995.0,20.0,,,10004,1,10005.0,20.0,,,10000.0,116.0
2041,-2,102000,PEARLS,9996,1,9995.0,24.0,,,10004,1,10005.0,24.0,,,10000.0,116.0
2043,-2,102100,PEARLS,9998,2,9996.0,1.0,9995.0,22.0,10004,1,10005.0,22.0,,,10001.0,116.0
2045,-2,102200,PEARLS,9996,2,9995.0,29.0,,,10004,2,10005.0,29.0,,,10000.0,116.0
2047,-2,102300,PEARLS,10002,1,9996.0,1.0,9995.0,29.0,10004,1,10005.0,29.0,,,10003.0,130.0
2048,-2,102400,PEARLS,9996,1,9995.0,30.0,,,10000,4,10004.0,1.0,10005.0,30.0,9998.0,132.0
2050,-2,102500,PEARLS,10002,1,9996.0,2.0,9995.0,28.0,10004,2,10005.0,28.0,,,10003.0,132.0
2052,-2,102600,PEARLS,9996,1,9995.0,22.0,,,10004,1,10005.0,22.0,,,10000.0,134.0
2054,-2,102700,PEARLS,9996,1,9995.0,21.0,,,9998,1,10004.0,1.0,10005.0,21.0,9997.0,134.0
2056,-2,102800,PEARLS,9996,1,9995.0,28.0,,,10004,1,10005.0,28.0,,,10000.0,134.0
2058,-2,102900,PEARLS,9996,2,9995.0,23.0,,,9998,1,10004.0,2.0,10005.0,23.0,9997.0,134.0
2060,-2,103000,PEARLS,9996,2,9995.0,28.0,,,10004,2,10005.0,28.0,,,10000.0,132.0
2063,-2,103100,PEARLS,9995,22,,,,,10005,22,,,,,10000.0,132.0
2064,-2,103200,PEARLS,9996,1,9995.0,23.0,,,10004,1,10005.0,23.0,,,10000.0,122.0
2066,-2,103300,PEARLS,9998,7,9995.0,21.0,,,10005,21,,,,,10001.5,122.0
2069,-2,103400,PEARLS,9996,1,9995.0,28.0,,,10004,1,10005.0,28.0,,,10000.0,122.0
2071,-2,103500,PEARLS,9996,2,9995.0,29.0,,,10004,2,10005.0,29.0,,,10000.0,122.0
2072,-2,103600,PEARLS,9996,2,9995.0,29.0,,,10004,2,10005.0,29.0,,,10000.0,122.0
2074,-2,103700,PEARLS,9996,2,9995.0,20.0,,,10004,2,10005.0,20.0,,,10000.0,122.0
2077,-2,103800,PEARLS,9996,2,9995.0,29.0,,,10002,9,10004.0,2.0,10005.0,29.0,9999.0,122.0
2079,-2,103900,PEARLS,9995,22,,,,,10005,22,,,,,10000.0,122.0
2080,-2,104000,PEARLS,9995,29,,,,,9998,1,10005.0,29.0,,,9996.5,122.0
2082,-2,104100,PEARLS,9995,30,,,,,10005,30,,,,,10000.0,120.0
2085,-2,104200,PEARLS,9995,23,,,,,9998,2,10002.0,4.0,10005.0,23.0,9996.5,118.0
2087,-2,104300,PEARLS,9996,1,9995.0,23.0,,,9998,2,10002.0,2.0,10004.0,1.0,9997.0,114.0
2088,-2,104400,PEARLS,9995,21,,,,,9998,1,10005.0,21.0,,,9996.5,110.0
2090,-2,104500,PEARLS,9995,25,,,,,10005,25,,,,,10000.0,98.0
2092,-2,104600,PEARLS,9996,1,9995.0,26.0,,,10004,1,10005.0,26.0,,,10000.0,98.0
2094,-2,104700,PEARLS,9996,1,9995.0,24.0,,,10002,6,10004.0,1.0,10005.0,24.0,9999.0,100.0
2096,-2,104800,PEARLS,9996,2,9995.0,25.0,,,9998,1,10004.0,2.0,10005.0,25.0,9997.0,100.0
2098,-2,104900,PEARLS,9996,1,9995.0,27.0,,,9998,1,10002.0,10.0,10004.0,1.0,9997.0,100.0
2100,-2,105000,PEARLS,9996,2,9995.0,29.0,,,10004,2,10005.0,29.0,,,10000.0,100.0
2102,-2,105100,PEARLS,10002,1,9996.0,2.0,9995.0,27.0,10004,2,10005.0,27.0,,,10003.0,100.0
2104,-2,105200,PEARLS,9996,2,9995.0,20.0,,,10004,2,10005.0,20.0,,,10000.0,102.0
2106,-2,105300,PEARLS,9995,23,,,,,10002,2,10005.0,23.0,,,9998.5,102.0
2109,-2,105400,PEARLS,9995,29,,,,,10005,29,,,,,10000.0,102.0
2111,-2,105500,PEARLS,9996,1,9995.0,21.0,,,9998,1,10002.0,7.0,10004.0,1.0,9997.0,102.0
2113,-2,105600,PEARLS,9996,1,9995.0,28.0,,,10004,1,10005.0,28.0,,,10000.0,102.0
2115,-2,105700,PEARLS,9996,1,9995.0,30.0,,,10004,1,10005.0,30.0,,,10000.0,102.0
2117,-2,105800,PEARLS,9998,1,9996.0,2.0,9995.0,26.0,10000,6,10004.0,2.0,10005.0,26.0,9999.0,102.0
2119,-2,105900,PEARLS,9996,1,9995.0,26.0,,,10002,9,10004.0,1.0,10005.0,26.0,9999.0,102.0
2121,-2,106000,PEARLS,10002,1,9998.0,1.0,9995.0,23.0,10005,23,,,,,10003.5,112.0
2123,-2,106100,PEARLS,10002,1,9996.0,2.0,9995.0,24.0,10004,2,10005.0,24.0,,,10003.0,112.0
2125,-2,106200,PEARLS,9995,23,,,,,10002,8,10005.0,23.0,,,9998.5,112.0
2127,-2,106300,PEARLS,9996,2,9995.0,20.0,,,10004,2,10005.0,20.0,,,10000.0,112.0
2129,-2,106400,PEARLS,9996,1,9995.0,25.0,,,9998,1,10004.0,1.0,10005.0,25.0,9997.0,112.0
2131,-2,106500,PEARLS,10002,1,9998.0,2.0,9996.0,1.0,10004,1,10005.0,21.0,,,10003.0,112.0
2133,-2,106600,PEARLS,9995,20,,,,,10005,20,,,,,10000.0,112.0
2135,-2,106700,PEARLS,9996,1,9995.0,29.0,,,10002,10,10004.0,1.0,10005.0,29.0,9999.0,112.0
2137,-2,106800,PEARLS,9995,23,,,,,10005,23,,,,,10000.0,112.0
2138,-2,106900,PEARLS,9996,2,9995.0,21.0,,,10004,2,10005.0,21.0,,,10000.0,122.0
2140,-2,107000,PEARLS,9995,27,,,,,10002,5,10005.0,27.0,,,9998.5,122.0
2142,-2,107100,PEARLS,9996,1,9995.0,29.0,,,10004,1,10005.0,29.0,,,10000.0,122.0
2144,-2,107200,PEARLS,9995,26,,,,,10005,26,,,,,10000.0,122.0
2146,-2,107300,PEARLS,9996,1,9995.0,28.0,,,10004,1,10005.0,28.0,,,10000.0,102.0
2148,-2,107400,PEARLS,9995,25,,,,,10005,25,,,,,10000.0,102.0
2150,-2,107500,PEARLS,9996,2,9995.0,23.0,,,10002,7,10004.0,2.0,10005.0,23.0,9999.0,102.0
2153,-2,107600,PEARLS,9996,2,9995.0,20.0,,,10004,2,10005.0,20.0,,,10000.0,106.0
2154,-2,107700,PEARLS,10002,1,9996.0,2.0,9995.0,20.0,10004,2,10005.0,20.0,,,10003.0,106.0
2157,-2,107800,PEARLS,9996,1,9995.0,21.0,,,10002,3,10004.0,1.0,10005.0,21.0,9999.0,114.0
2158,-2,107900,PEARLS,9998,3,9996.0,2.0,9995.0,23.0,10004,2,10005.0,23.0,,,10001.0,114.0
2161,-2,108000,PEARLS,9998,6,9996.0,2.0,9995.0,30.0,10004,2,10005.0,30.0,,,10001.0,114.0
2162,-2,108100,PEARLS,9996,2,9995.0,27.0,,,10004,2,10005.0,27.0,,,10000.0,92.0
2165,-2,108200,PEARLS,9996,2,9995.0,23.0,,,10004,2,10005.0,23.0,,,10000.0,92.0
2166,-2,108300,PEARLS,9996,2,9995.0,25.0,,,9998,1,10002.0,8.0,10004.0,2.0,9997.0,92.0
2169,-2,108400,PEARLS,9996,1,9995.0,26.0,,,10004,1,10005.0,26.0,,,10000.0,90.0
2170,-2,108500,PEARLS,9996,1,9995.0,25.0,,,10000,2,10004.0,1.0,10005.0,25.0,9998.0,90.0
2173,-2,108600,PEARLS,10002,1,9998.0,9.0,9996.0,2.0,10004,2,10005.0,24.0,,,10003.0,90.0
2174,-2,108700,PEARLS,9995,26,,,,,10005,26,,,,,10000.0,92.0
2177,-2,108800,PEARLS,9996,1,9995.0,20.0,,,10004,1,10005.0,20.0,,,10000.0,42.0
2178,-2,108900,PEARLS,9996,2,9995.0,26.0,,,10004,2,10005.0,26.0,,,10000.0,42.0
2181,-2,109000,PEARLS,9995,22,,,,,10005,22,,,,,10000.0,46.0
2182,-2,109100,PEARLS,10002,2,10000.0,3.0,9996.0,2.0,10004,2,10005.0,21.0,,,10003.0,50.0
2184,-2,109200,PEARLS,9996,1,9995.0,25.0,,,10004,1,10005.0,25.0,,,10000.0,50.0
2186,-2,109300,PEARLS,9995,23,,,,,10005,23,,,,,10000.0,50.0
2188,-2,109400,PEARLS,9996,1,9995.0,29.0,,,10004,1,10005.0,29.0,,,10000.0,50.0
2190,-2,109500,PEARLS,9996,2,9995.0,20.0,,,10002,1,10004.0,2.0,10005.0,20.0,9999.0,50.0
2192,-2,109600,PEARLS,9996,1,9995.0,22.0,,,10002,6,10004.0,1.0,10005.0,22.0,9999.0,50.0
2194,-2,109700,PEARLS,9998,2,9996.0,1.0,9995.0,27.0,10004,1,10005.0,27.0,,,10001.0,50.0
2197,-2,109800,PEARLS,9996,2,9995.0,27.0,,,10002,9,10004.0,2.0,10005.0,27.0,9999.0,50.0
2199,-2,109900,PEARLS,9995,26,,,,,10005,26,,,,,10000.0,50.0
2201,-2,110000,PEARLS,9996,1,9995.0,29.0,,,10002,9,10004.0,1.0,10005.0,29.0,9999.0,55.0
2203,-2,110100,PEARLS,9996,1,9995.0,23.0,,,10004,1,10005.0,23.0,,,10000.0,55.0
2205,-2,110200,PEARLS,9996,2,9995.0,21.0,,,10004,2,10005.0,21.0,,,10000.0,55.0
2207,-2,110300,PEARLS,9996,1,9995.0,29.0,,,10004,1,10005.0,29.0,,,10000.0,55.0
2209,-2,110400,PEARLS,10002,1,9995.0,29.0,,,10005,29,,,,,10003.5,55.0
2211,-2,110500,PEARLS,9996,1,9995.0,22.0,,,10002,9,10004.0,1.0,10005.0,22.0,9999.0,55.0
2213,-2,110600,PEARLS,9996,2,9995.0,21.0,,,10004,2,10005.0,21.0,,,10000.0,55.0
2215,-2,110700,PEARLS,9995,22,,,,,10005,22,,,,,10000.0,55.0
2217,-2,110800,PEARLS,9995,27,,,,,10005,27,,,,,10000.0,55.0
2219,-2,110900,PEARLS,9996,2,9995.0,30.0,,,10004,2,10005.0,30.0,,,10000.0,55.0
2221,-2,111000,PEARLS,9998,8,9996.0,1.0,9995.0,27.0,10004,1,10005.0,27.0,,,10001.0,55.0
2223,-2,111100,PEARLS,9998,9,9995.0,21.0,,,10005,21,,,,,10001.5,55.0
2225,-2,111200,PEARLS,9996,1,9995.0,26.0,,,10000,3,10004.0,1.0,10005.0,26.0,9998.0,55.0
2226,-2,111300,PEARLS,9995,20,,,,,10005,20,,,,,10000.0,55.0
2228,-2,111400,PEARLS,9996,1,9995.0,27.0,,,10004,1,10005.0,27.0,,,10000.0,50.0
2230,-2,111500,PEARLS,9995,25,,,,,10002,8,10005.0,25.0,,,9998.5,50.0
2232,-2,111600,PEARLS,9996,2,9995.0,29.0,,,10004,2,10005.0,29.0,,,10000.0,50.0
2234,-2,111700,PEARLS,9996,2,9995.0,26.0,,,10004,2,10005.0,26.0,,,10000.0,42.0
2236,-2,111800,PEARLS,9996,1,9995.0,25.0,,,10004,1,10005.0,25.0,,,10000.0,42.0
2238,-2,111900,PEARLS,9996,1,9995.0,25.0,,,10004,1,10005.0,25.0,,,10000.0,42.0
2241,-2,112000,PEARLS,10000,5,9996.0,1.0,9995.0,27.0,10002,7,10004.0,1.0,10005.0,27.0,10001.0,44.0
2243,-2,112100,PEARLS,9995,25,,,,,10005,25,,,,,10000.0,44.0
2244,-2,112200,PEARLS,9995,29,,,,,10002,5,10005.0,29.0,,,9998.5,46.0
2246,-2,112300,PEARLS,9998,6,9996.0,2.0,9995.0,21.0,10004,2,10005.0,21.0,,,10001.0,46.0
2249,-2,112400,PEARLS,9996,2,9995.0,27.0,,,10002,2,10004.0,2.0,10005.0,27.0,9999.0,46.0
2251,-2,112500,PEARLS,10002,1,9996.0,1.0,9995.0,26.0,10004,1,10005.0,26.0,,,10003.0,46.0
2252,-2,112600,PEARLS,9996,1,9995.0,29.0,,,10004,1,10005.0,29.0,,,10000.0,48.0
2254,-2,112700,PEARLS,9996,1,9995.0,21.0,,,10004,1,10005.0,21.0,,,10000.0,48.0
2257,-2,112800,PEARLS,10000,2,9996.0,2.0,9995.0,20.0,10004,2,10005.0,20.0,,,10002.0,48.0
2259,-2,112900,PEARLS,9995,23,,,,,10005,23,,,,,10000.0,48.0
2260,-2,113000,PEARLS,9998,10,9996.0,1.0,9995.0,23.0,10004,1,10005.0,23.0,,,10001.0,48.0
2262,-2,113100,PEARLS,9996,1,9995.0,24.0,,,10004,1,10005.0,24.0,,,10000.0,48.0
2265,-2,113200,PEARLS,10002,1,9998.0,6.0,9995.0,28.0,10005,28,,,,,10003.5,48.0
2267,-2,113300,PEARLS,9996,1,9995.0,20.0,,,10004,1,10005.0,20.0,,,10000.0,48.0
2268,-2,113400,PEARLS,9996,1,9995.0,20.0,,,10004,1,10005.0,20.0,,,10000.0,48.0
2270,-2,113500,PEARLS,9995,20,,,,,10005,20,,,,,10000.0,52.0
2272,-2,113600,PEARLS,9995,28,,,,,10005,28,,,,,10000.0,52.0
2274,-2,113700,PEARLS,9996,2,9995.0,24.0,,,10004,2,10005.0,24.0,,,10000.0,52.0
2276,-2,113800,PEARLS,9996,2,9995.0,26.0,,,10004,2,10005.0,26.0,,,10000.0,52.0
2278,-2,113900,PEARLS,9996,1,9995.0,27.0,,,10004,1,10005.0,27.0,,,10000.0,48.0
2280,-2,114000,PEARLS,9995,26,,,,,10005,26,,,,,10000.0,48.0
2282,-2,114100,PEARLS,9996,2,9995.0,26.0,,,9998,4,10004.0,2.0,10005.0,26.0,9997.0,48.0
2285,-2,114200,PEARLS,9996,1,9995.0,27.0,,,10004,1,10005.0,27.0,,,10000.0,48.0
2287,-2,114300,PEARLS,9995,22,,,,,10002,7,10005.0,22.0,,,9998.5,48.0
2289,-2,114400,PEARLS,10002,5,9998.0,2.0,9996.0,2.0,10004,2,10005.0,23.0,,,10003.0,48.0
2291,-2,114500,PEARLS,9996,1,9995.0,27.0,,,10004,1,10005.0,27.0,,,10000.0,48.0
2293,-2,114600,PEARLS,9995,21,,,,,10005,21,,,,,10000.0,48.0
2295,-2,114700,PEARLS,9995,26,,,,,10005,26,,,,,10000.0,48.0
2297,-2,114800,PEARLS,9996,2,9995.0,29.0,,,9998,1,10004.0,2.0,10005.0,29.0,9997.0,88.0
2299,-2,114900,PEARLS,9995,25,,,,,10005,25,,,,,10000.0,88.0
2301,-2,115000,PEARLS,9996,2,9995.0,22.0,,,10004,2,10005.0,22.0,,,10000.0,88.0
2303,-2,115100,PEARLS,9996,2,9995.0,24.0,,,10004,2,10005.0,24.0,,,10000.0,88.0
2305,-2,115200,PEARLS,9996,2,9995.0,20.0,,,10004,2,10005.0,20.0,,,10000.0,88.0
2307,-2,115300,PEARLS,9996,2,9995.0,26.0,,,10002,6,10004.0,2.0,10005.0,26.0,9999.0,88.0
2309,-2,115400,PEARLS,9995,26,,,,,10005,26,,,,,10000.0,88.0
2311,-2,115500,PEARLS,9996,2,9995.0,28.0,,,10004,2,10005.0,28.0,,,10000.0,88.0
2313,-2,115600,PEARLS,9998,1,9995.0,27.0,,,10005,27,,,,,10001.5,86.0
2314,-2,115700,PEARLS,9998,10,9996.0,1.0,9995.0,24.0,10004,1,10005.0,24.0,,,10001.0,86.0
2316,-2,115800,PEARLS,9996,1,9995.0,30.0,,,9998,1,10004.0,1.0,10005.0,30.0,9997.0,86.0
2318,-2,115900,PEARLS,9996,1,9995.0,22.0,,,10004,1,10005.0,22.0,,,10000.0,84.0
2320,-2,116000,PEARLS,9998,2,9996.0,1.0,9995.0,26.0,10004,1,10005.0,26.0,,,10001.0,84.0
2322,-2,116100,PEARLS,9996,2,9995.0,30.0,,,10002,3,10004.0,2.0,10005.0,30.0,9999.0,84.0
2324,-2,116200,PEARLS,9996,1,9995.0,22.0,,,10004,1,10005.0,22.0,,,10000.0,84.0
2326,-2,116300,PEARLS,9996,2,9995.0,23.0,,,9998,1,10004.0,2.0,10005.0,23.0,9997.0,84.0
2328,-2,116400,PEARLS,9996,1,9995.0,22.0,,,9998,3,10004.0,1.0,10005.0,22.0,9997.0,84.0
2330,-2,116500,PEARLS,9996,2,9995.0,28.0,,,10004,2,10005.0,28.0,,,10000.0,84.0
2333,-2,116600,PEARLS,9998,2,9996.0,2.0,9995.0,20.0,10000,3,10004.0,2.0,10005.0,20.0,9999.0,84.0
2334,-2,116700,PEARLS,9998,7,9996.0,1.0,9995.0,29.0,10004,1,10005.0,29.0,,,10001.0,84.0
2337,-2,116800,PEARLS,9995,25,,,,,10005,25,,,,,10000.0,84.0
2338,-2,116900,PEARLS,9998,5,9996.0,2.0,9995.0,30.0,10000,5,10004.0,2.0,10005.0,30.0,9999.0,84.0
2341,-2,117000,PEARLS,9998,8,9996.0,2.0,9995.0,22.0,10004,2,10005.0,22.0,,,10001.0,84.0
2342,-2,117100,PEARLS,9996,2,9995.0,25.0,,,10002,1,10004.0,2.0,10005.0,25.0,9999.0,84.0
2345,-2,117200,PEARLS,9996,2,9995.0,24.0,,,10002,5,10004.0,2.0,10005.0,24.0,9999.0,84.0
2346,-2,117300,PEARLS,9995,27,,,,,10005,27,,,,,10000.0,84.0
2349,-2,117400,PEARLS,9996,2,9995.0,26.0,,,10004,2,10005.0,26.0,,,10000.0,84.0
2350,-2,117500,PEARLS,9995,26,,,,,10002,1,10005.0,26.0,,,9998.5,84.0
2353,-2,117600,PEARLS,9998,6,9995.0,23.0,,,10005,23,,,,,10001.5,84.0
2354,-2,117700,PEARLS,9995,27,,,,,10002,4,10005.0,27.0,,,9998.5,84.0
2357,-2,117800,PEARLS,9996,2,9995.0,24.0,,,10000,4,10004.0,2.0,10005.0,24.0,9998.0,84.0
2358,-2,117900,PEARLS,9998,3,9996.0,2.0,9995.0,20.0,10004,2,10005.0,20.0,,,10001.0,84.0
2360,-2,118000,PEARLS,9995,28,,,,,10005,28,,,,,10000.0,84.0
2362,-2,118100,PEARLS,9996,1,9995.0,28.0,,,10002,1,10004.0,1.0,10005.0,28.0,9999.0,79.0
2364,-2,118200,PEARLS,10000,3,9995.0,29.0,,,10005,29,,,,,10002.5,79.0
2366,-2,118300,PEARLS,9996,1,9995.0,25.0,,,10004,1,10005.0,25.0,,,10000.0,79.0
2368,-2,118400,PEARLS,9995,23,,,,,10005,23,,,,,10000.0,79.0
2370,-2,118500,PEARLS,9998,3,9996.0,1.0,9995.0,29.0,10004,1,10005.0,29.0,,,10001.0,79.0
2372,-2,118600,PEARLS,9996,1,9995.0,30.0,,,10002,10,10004.0,1.0,10005.0,30.0,9999.0,79.0
2375,-2,118700,PEARLS,9995,28,,,,,10005,28,,,,,10000.0,79.0
2377,-2,118800,PEARLS,9996,1,9995.0,28.0,,,10004,1,10005.0,28.0,,,10000.0,79.0
2379,-2,118900,PEARLS,9996,1,9995.0,28.0,,,10004,1,10005.0,28.0,,,10000.0,79.0
2381,-2,119000,PEARLS,10002,1,9996.0,2.0,9995.0,30.0,10004,2,10005.0,30.0,,,10003.0,79.0
2383,-2,119100,PEARLS,9996,1,9995.0,22.0,,,10004,1,10005.0,22.0,,,10000.0,79.0
2385,-2,119200,PEARLS,9996,1,9995.0,26.0,,,10004,1,10005.0,26.0,,,10000.0,79.0
2387,-2,119300,PEARLS,9996,2,9995.0,27.0,,,10002,5,10004.0,2.0,10005.0,27.0,9999.0,79.0
2389,-2,119400,PEARLS,9995,24,,,,,10005,24,,,,,10000.0,81.0
2391,-2,119500,PEARLS,9998,7,9996.0,1.0,9995.0,26.0,10004,1,10005.0,26.0,,,10001.0,81.0
2393,-2,119600,PEARLS,9996,1,9995.0,20.0,,,10004,1,10005.0,20.0,,,10000.0,81.0
2395,-2,119700,PEARLS,9996,2,9995.0,28.0,,,10004,2,10005.0,28.0,,,10000.0,81.0
2397,-2,119800,PEARLS,9998,4,9996.0,2.0,9995.0,29.0,10004,2,10005.0,29.0,,,10001.0,81.0
2399,-2,119900,PEARLS,9995,27,,,,,10002,2,10005.0,27.0,,,9998.5,81.0
2401,-2,120000,PEARLS,9998,2,9996.0,1.0,9995.0,22.0,10004,1,10005.0,22.0,,,10001.0,81.0
2403,-2,120100,PEARLS,9996,1,9995.0,26.0,,,10002,6,10004.0,1.0,10005.0,26.0,9999.0,81.0
2404,-2,120200,PEARLS,9995,21,,,,,10002,7,10005.0,21.0,,,9998.5,83.0
2406,-2,120300,PEARLS,9996,1,9995.0,28.0,,,10004,1,10005.0,28.0,,,10000.0,83.0
2408,-2,120400,PEARLS,9996,2,9995.0,29.0,,,10004,2,10005.0,29.0,,,10000.0,83.0
2410,-2,120500,PEARLS,9996,2,9995.0,29.0,,,9998,3,10002.0,4.0,10004.0,2.0,9997.0,83.0
2412,-2,120600,PEARLS,9996,1,9995.0,27.0,,,10004,1,10005.0,27.0,,,10000.0,77.0
2414,-2,120700,PEARLS,9996,1,9995.0,28.0,,,10004,1,10005.0,28.0,,,10000.0,77.0
2416,-2,120800,PEARLS,10000,6,9998.0,4.0,9996.0,1.0,10004,1,10005.0,28.0,,,10002.0,77.0
2418,-2,120900,PEARLS,9996,1,9995.0,29.0,,,9998,1,10004.0,1.0,10005.0,29.0,9997.0,77.0
2421,-2,121000,PEARLS,9996,2,9995.0,25.0,,,10004,2,10005.0,25.0,,,10000.0,75.0
2423,-2,121100,PEARLS,9996,1,9995.0,26.0,,,10004,1,10005.0,26.0,,,10000.0,75.0
2424,-2,121200,PEARLS,9996,1,9995.0,23.0,,,10004,1,10005.0,23.0,,,10000.0,75.0
2426,-2,121300,PEARLS,9996,1,9995.0,22.0,,,10004,1,10005.0,22.0,,,10000.0,75.0
2429,-2,121400,PEARLS,9996,1,9995.0,25.0,,,10004,1,10005.0,25.0,,,10000.0,75.0
2431,-2,121500,PEARLS,9996,2,9995.0,23.0,,,10004,2,10005.0,23.0,,,10000.0,75.0
2432,-2,121600,PEARLS,9996,1,9995.0,29.0,,,10004,1,10005.0,29.0,,,10000.0,75.0
2434,-2,121700,PEARLS,9995,27,,,,,10005,27,,,,,10000.0,75.0
2437,-2,121800,PEARLS,10002,10,9996.0,1.0,9995.0,22.0,10004,1,10005.0,22.0,,,10003.0,71.0
2439,-2,121900,PEARLS,9995,24,,,,,10005,24,,,,,10000.0,71.0
2440,-2,122000,PEARLS,9996,2,9995.0,20.0,,,10004,2,10005.0,20.0,,,10000.0,71.0
2442,-2,122100,PEARLS,9998,9,9996.0,1.0,9995.0,20.0,10004,1,10005.0,20.0,,,10001.0,71.0
2445,-2,122200,PEARLS,9995,20,,,,,10005,20,,,,,10000.0,71.0
2447,-2,122300,PEARLS,9998,7,9996.0,2.0,9995.0,30.0,10004,2,10005.0,30.0,,,10001.0,71.0
2448,-2,122400,PEARLS,9995,20,,,,,10005,20,,,,,10000.0,91.0
2450,-2,122500,PEARLS,9998,3,9996.0,1.0,9995.0,21.0,10004,1,10005.0,21.0,,,10001.0,91.0
2452,-2,122600,PEARLS,9996,2,9995.0,27.0,,,10004,2,10005.0,27.0,,,10000.0,91.0
2454,-2,122700,PEARLS,9996,2,9995.0,25.0,,,10002,10,10004.0,2.0,10005.0,25.0,9999.0,91.0
2456,-2,122800,PEARLS,9995,26,,,,,10005,26,,,,,10000.0,91.0
2458,-2,122900,PEARLS,9996,1,9995.0,27.0,,,10004,1,10005.0,27.0,,,10000.0,91.0
2460,-2,123000,PEARLS,9996,2,9995.0,22.0,,,9998,1,10004.0,2.0,10005.0,22.0,9997.0,91.0
2463,-2,123100,PEARLS,9996,2,9995.0,30.0,,,10004,2,10005.0,30.0,,,10000.0,89.0
2465,-2,123200,PEARLS,10000,6,9996.0,1.0,9995.0,29.0,10002,7,10004.0,1.0,10005.0,29.0,10001.0,89.0
2467,-2,123300,PEARLS,9995,28,,,,,10005,28,,,,,10000.0,89.0
2469,-2,123400,PEARLS,9995,25,,,,,10005,25,,,,,10000.0,89.0
2471,-2,123500,PEARLS,9998,2,9995.0,26.0,,,10005,26,,,,,10001.5,89.0
2473,-2,123600,PEARLS,9995,28,,,,,10002,10,10005.0,28.0,,,9998.5,89.0
2475,-2,123700,PEARLS,9996,1,9995.0,30.0,,,10004,1,10005.0,30.0,,,10000.0,89.0
2477,-2,123800,PEARLS,9996,2,9995.0,22.0,,,10004,2,10005.0,22.0,,,10000.0,89.0
2479,-2,123900,PEARLS,9996,1,9995.0,26.0,,,10004,1,10005.0,26.0,,,10000.0,89.0
2481,-2,124000,PEARLS,9996,1,9995.0,27.0,,,10004,1,10005.0,27.0,,,10000.0,89.0
2483,-2,124100,PEARLS,9998,4,9995.0,22.0,,,10005,22,,,,,10001.5,89.0
2485,-2,124200,PEARLS,10000,3,9996.0,1.0,9995.0,24.0,10004,1,10005.0,24.0,,,10002.0,89.0
2487,-2,124300,PEARLS,9995,29,,,,,10005,29,,,,,10000.0,89.0
2489,-2,124400,PEARLS,10002,1,9995.0,21.0,,,10005,21,,,,,10003.5,89.0
2491,-2,124500,PEARLS,9995,26,,,,,10005,26,,,,,10000.0,91.0
2492,-2,124600,PEARLS,10002,1,9996.0,1.0,9995.0,21.0,10004,1,10005.0,21.0,,,10003.0,66.0
2494,-2,124700,PEARLS,9995,26,,,,,9998,1,10002.0,1.0,10005.0,26.0,9996.5,66.0
2496,-2,124800,PEARLS,9998,9,9996.0,1.0,9995.0,24.0,10004,1,10005.0,24.0,,,10001.0,64.0
2498,-2,124900,PEARLS,9995,30,,,,,10002,10,10005.0,30.0,,,9998.5,64.0
2500,-2,125000,PEARLS,9996,2,9995.0,26.0,,,10004,2,10005.0,26.0,,,10000.0,68.0
2502,-2,125100,PEARLS,9996,2,9995.0,30.0,,,9998,1,10004.0,2.0,10005.0,30.0,9997.0,68.0
2504,-2,125200,PEARLS,9996,1,9995.0,25.0,,,10004,1,10005.0,25.0,,,10000.0,66.0
2506,-2,125300,PEARLS,10002,1,9995.0,27.0,,,10005,27,,,,,10003.5,70.0
2509,-2,125400,PEARLS,9996,2,9995.0,30.0,,,10004,2,10005.0,30.0,,,10000.0,80.0
2510,-2,125500,PEARLS,9996,2,9995.0,26.0,,,10004,2,10005.0,26.0,,,10000.0,72.0
2513,-2,125600,PEARLS,9996,2,9995.0,27.0,,,9998,2,10004.0,2.0,10005.0,27.0,9997.0,72.0
2514,-2,125700,PEARLS,9996,2,9995.0,25.0,,,10004,2,10005.0,25.0,,,10000.0,72.0
2517,-2,125800,PEARLS,9996,2,9995.0,20.0,,,10002,2,10004.0,2.0,10005.0,20.0,9999.0,72.0
2518,-2,125900,PEARLS,9998,10,9996.0,2.0,9995.0,21.0,10004,2,10005.0,21.0,,,10001.0,72.0
2521,-2,126000,PEARLS,9996,2,9995.0,28.0,,,10004,2,10005.0,28.0,,,10000.0,72.0
2522,-2,126100,PEARLS,9996,1,9995.0,25.0,,,10002,6,10004.0,1.0,10005.0,25.0,9999.0,72.0
2525,-2,126200,PEARLS,9996,1,9995.0,28.0,,,10002,7,10004.0,1.0,10005.0,28.0,9999.0,72.0
2526,-2,126300,PEARLS,9996,2,9995.0,26.0,,,10004,2,10005.0,26.0,,,10000.0,72.0
2529,-2,126400,PEARLS,9996,1,9995.0,29.0,,,10004,1,10005.0,29.0,,,10000.0,72.0
2530,-2,126500,PEARLS,9998,10,9996.0,1.0,9995.0,26.0,10004,1,10005.0,26.0,,,10001.0,56.0
2533,-2,126600,PEARLS,9995,26,,,,,10005,26,,,,,10000.0,48.0
2534,-2,126700,PEARLS,9996,1,9995.0,25.0,,,10002,7,10004.0,1.0,10005.0,25.0,9999.0,48.0
2537,-2,126800,PEARLS,9996,2,9995.0,23.0,,,10002,1,10004.0,2.0,10005.0,23.0,9999.0,48.0
2538,-2,126900,PEARLS,9996,1,9995.0,24.0,,,10004,1,10005.0,24.0,,,10000.0,48.0
2540,-2,127000,PEARLS,9995,28,,,,,10005,28,,,,,10000.0,48.0
2542,-2,127100,PEARLS,9995,20,,,,,10005,20,,,,,10000.0,-12.0
2544,-2,127200,PEARLS,10002,1,9996.0,2.0,9995.0,22.0,10004,2,10005.0,22.0,,,10003.0,-8.0
2546,-2,127300,PEARLS,9996,1,9995.0,23.0,,,10004,1,10005.0,23.0,,,10000.0,-8.0
2548,-2,127400,PEARLS,10002,1,9996.0,1.0,9995.0,23.0,10004,1,10005.0,23.0,,,10003.0,-8.0
2550,-2,127500,PEARLS,9995,24,,,,,10005,24,,,,,10000.0,-6.0
2553,-2,127600,PEARLS,9996,1,9995.0,21.0,,,10000,3,10004.0,1.0,10005.0,21.0,9998.0,-6.0
2555,-2,127700,PEARLS,9996,2,9995.0,24.0,,,10004,2,10005.0,24.0,,,10000.0,-6.0
2557,-2,127800,PEARLS,10002,5,9996.0,2.0,9995.0,22.0,10004,2,10005.0,22.0,,,10003.0,-6.0
2559,-2,127900,PEARLS,9996,1,9995.0,27.0,,,10002,1,10004.0,1.0,10005.0,27.0,9999.0,4.0
2561,-2,128000,PEARLS,9996,2,9995.0,25.0,,,10004,2,10005.0,25.0,,,10000.0,4.0
2563,-2,128100,PEARLS,9996,1,9995.0,25.0,,,10004,1,10005.0,25.0,,,10000.0,4.0
2565,-2,128200,PEARLS,9995,22,,,,,10005,22,,,,,10000.0,4.0
2567,-2,128300,PEARLS,9995,22,,,,,10005,22,,,,,10000.0,4.0
2569,-2,128400,PEARLS,9998,6,9996.0,1.0,9995.0,30.0,10004,1,10005.0,30.0,,,10001.0,4.0
2571,-2,128500,PEARLS,9996,1,9995.0,27.0,,,10002,2,10004.0,1.0,10005.0,27.0,9999.0,4.0
2573,-2,128600,PEARLS,9996,2,9995.0,29.0,,,10002,4,10004.0,2.0,10005.0,29.0,9999.0,4.0
2575,-2,128700,PEARLS,9996,1,9995.0,28.0,,,10004,1,10005.0,28.0,,,10000.0,4.0
2577,-2,128800,PEARLS,9996,2,9995.0,22.0,,,10004,2,10005.0,22.0,,,10000.0,4.0
2579,-2,128900,PEARLS,9995,25,,,,,10005,25,,,,,10000.0,4.0
2581,-2,129000,PEARLS,9998,5,9996.0,1.0,9995.0,21.0,10004,1,10005.0,21.0,,,10001.0,4.0
2582,-2,129100,PEARLS,9995,29,,,,,10005,29,,,,,10000.0,4.0
2584,-2,129200,PEARLS,9995,30,,,,,10005,30,,,,,10000.0,4.0
2586,-2,129300,PEARLS,9996,2,9995.0,26.0,,,10004,2,10005.0,26.0,,,10000.0,-6.0
2588,-2,129400,PEARLS,9995,24,,,,,10005,24,,,,,10000.0,-6.0
2590,-2,129500,PEARLS,9998,7,9996.0,1.0,9995.0,24.0,10004,1,10005.0,24.0,,,10001.0,-6.0
2592,-2,129600,PEARLS,9995,29,,,,,10005,29,,,,,10000.0,-6.0
2594,-2,129700,PEARLS,9995,20,,,,,10005,20,,,,,10000.0,-6.0
2596,-2,129800,PEARLS,9995,21,,,,,10005,21,,,,,10000.0,-11.0
2598,-2,129900,PEARLS,9995,27,,,,,9998,1,10005.0,27.0,,,9996.5,-11.0
2601,-2,130000,PEARLS,9996,1,9995.0,22.0,,,10004,1,10005.0,22.0,,,10000.0,-11.0
2603,-2,130100,PEARLS,10002,4,9996.0,1.0,9995.0,30.0,10004,1,10005.0,30.0,,,10003.0,-9.0
2604,-2,130200,PEARLS,9998,1,9996.0,2.0,9995.0,23.0,10004,2,10005.0,23.0,,,10001.0,-1.0
2606,-2,130300,PEARLS,9995,30,,,,,9998,5,10005.0,30.0,,,9996.5,-1.0
2609,-2,130400,PEARLS,9995,27,,,,,10000,3,10005.0,27.0,,,9997.5,-7.0
2611,-2,130500,PEARLS,9996,2,9995.0,29.0,,,9998,3,10004.0,2.0,10005.0,29.0,9997.0,-7.0
2612,-2,130600,PEARLS,9996,1,9995.0,24.0,,,10004,1,10005.0,24.0,,,10000.0,-13.0
