day,timestamp,product,bid_price_1,bid_volume_1,bid_price_2,bid_volume_2,bid_price_3,bid_volume_3,ask_price_1,ask_volume_1,ask_price_2,ask_volume_2,ask_price_3,ask_volume_3,mid_price,profit_and_loss
-1,0,PEARLS,10002,1,9996,2,9995,29,10004,2,10005,29,,,10003,0
-1,0,BANANAS,4951,1,4946,2,4945,29,4952,31,,,,,4951.5,0
-1,100,PEARLS,9996,2,9995,22,,,10004,2,10005,22,,,10000,4
-1,100,BANANAS,4945,24,,,,,4952,24,,,,,4948.5,3.444335938
-1,200,BANANAS,4945,20,,,,,4952,20,,,,,4948.5,3.795410156
-1,200,PEARLS,9995,20,,,,,10005,20,,,,,10000,4
-1,300,PEARLS,9996,2,9995,29,,,10004,2,10005,29,,,10000,4
-1,300,BANANAS,4945,31,,,,,4952,31,,,,,4948.5,3.604003906
-1,400,PEARLS,9996,2,9995,25,,,10004,2,10005,25,,,10000,4
-1,400,BANANAS,4945,27,,,,,4952,27,,,,,4948.5,3.337402344
-1,500,PEARLS,9995,30,,,,,10002,4,10005,30,,,9998.5,4
-1,500,BANANAS,4945,30,,,,,4950,4,4952,30,,,4947.5,3.666992188
-1,600,BANANAS,4945,25,,,,,4952,25,,,,,4948.5,3.27734375
-1,600,PEARLS,10000,5,9995,25,,,10005,25,,,,,10002.5,4
-1,700,PEARLS,9995,23,,,,,10005,23,,,,,10000,4
-1,700,BANANAS,4945,23,,,,,4952,23,,,,,4948.5,3.4765625
-1,800,PEARLS,9996,1,9995,29,,,10004,1,10005,29,,,10000,4
-1,800,BANANAS,4944,30,,,,,4951,30,,,,,4947.5,4.6953125
-1,900,BANANAS,4944,1,4943,22,,,4950,23,,,,,4947,5.229980469
-1,900,PEARLS,9996,1,9995,22,,,10004,1,10005,22,,,10000,4
-1,1000,BANANAS,4944,26,,,,,4951,26,,,,,4947.5,4.966796875
-1,1000,PEARLS,9995,26,,,,,10005,26,,,,,10000,4
-1,1100,BANANAS,4944,26,,,,,4950,2,4951,24,,,4947,4.899414063
-1,1100,PEARLS,9996,2,9995,24,,,10004,2,10005,24,,,10000,4
-1,1200,PEARLS,9995,21,,,,,9998,1,10005,21,,,9996.5,-4
-1,1200,BANANAS,4944,21,,,,,4951,21,,,,,4947.5,4.543945313
-1,1300,PEARLS,10002,1,9996,1,9995,30,10004,1,10005,30,,,10003,-4
-1,1300,BANANAS,4944,31,,,,,4951,31,,,,,4947.5,8.345703125
-1,1400,BANANAS,4945,26,,,,,4951,1,4952,25,,,4948,6.162109375
-1,1400,PEARLS,9996,1,9995,25,,,10004,1,10005,25,,,10000,-4
-1,1500,PEARLS,9995,27,,,,,10005,27,,,,,10000,-4
-1,1500,BANANAS,4944,27,,,,,4951,27,,,,,4947.5,7.771484375
-1,1600,PEARLS,9995,29,,,,,10005,29,,,,,10000,-4
-1,1600,BANANAS,4945,29,,,,,4952,29,,,,,4948.5,6.4140625
-1,1700,PEARLS,9996,2,9995,20,,,10002,1,10004,2,10005,20,9999,-2
-1,1700,BANANAS,4946,2,4945,20,,,4950,2,4952,22,,,4948,3.23046875
-1,1800,BANANAS,4946,1,4945,22,,,4952,23,,,,,4949,3.869140625
-1,1800,PEARLS,10002,1,9996,1,9995,22,10004,1,10005,22,,,10003,-2
-1,1900,PEARLS,9996,1,9995,28,,,10004,1,10005,28,,,10000,0
-1,1900,BANANAS,4950,1,4945,29,,,4952,29,,,,,4951,5.87109375
-1,2000,PEARLS,9996,2,9995,24,,,9998,1,10004,2,10005,24,9997,0
-1,2000,BANANAS,4945,26,,,,,4951,2,4952,24,,,4948,7.77734375
-1,2100,PEARLS,9996,2,9995,25,,,10002,3,10004,2,10005,25,9999,-2
-1,2100,BANANAS,4945,27,,,,,4950,3,4952,27,,,4947.5,6.853515625
-1,2200,BANANAS,4946,8,4945,25,,,4952,25,,,,,4949,5.50390625
-1,2200,PEARLS,9998,8,9996,1,9995,24,10004,1,10005,24,,,10001,-2
-1,2300,PEARLS,9998,7,9996,2,9995,30,10004,2,10005,30,,,10001,-2
-1,2300,BANANAS,4946,9,4945,30,,,4952,32,,,,,4949,4.392578125
-1,2400,PEARLS,9995,29,,,,,10005,29,,,,,10000,-2
-1,2400,BANANAS,4950,3,4947,29,,,4954,29,,,,,4952,-4.828125
-1,2500,BANANAS,4947,1,4946,22,,,4949,2,4953,23,,,4948,-2.810546875
-1,2500,PEARLS,9996,1,9995,22,,,10004,1,10005,22,,,10000,-2
-1,2600,BANANAS,4946,23,,,,,4953,23,,,,,4949.5,-2.05859375
-1,2600,PEARLS,9995,23,,,,,10005,23,,,,,10000,-2
-1,2700,BANANAS,4947,6,4946,26,,,4953,26,,,,,4950,-4.3359375
-1,2700,PEARLS,9998,6,9995,26,,,10005,26,,,,,10001.5,-2
-1,2800,PEARLS,9995,25,,,,,10005,25,,,,,10000,-2
-1,2800,BANANAS,4946,25,,,,,4953,25,,,,,4949.5,-2.62109375
-1,2900,BANANAS,4946,26,,,,,4953,26,,,,,4949.5,-1.19140625
-1,2900,PEARLS,9996,1,9995,25,,,10004,1,10005,25,,,10000,-2
-1,3000,BANANAS,4947,1,4946,26,,,4953,26,,,,,4950,-1.5390625
-1,3000,PEARLS,9998,1,9995,26,,,10005,26,,,,,10001.5,-50
-1,3100,BANANAS,4947,26,,,,,4953,2,4954,24,,,4950,-3.73046875
-1,3100,PEARLS,9996,2,9995,24,,,10004,2,10005,24,,,10000,-45
-1,3200,PEARLS,9996,1,9995,22,,,10004,1,10005,22,,,10000,-53
-1,3200,BANANAS,4947,1,4946,22,,,4953,23,,,,,4950,-7.234375
-1,3300,BANANAS,4946,32,,,,,4953,32,,,,,4949.5,-5.74609375
-1,3300,PEARLS,9996,2,9995,30,,,10004,2,10005,30,,,10000,-61
-1,3400,BANANAS,4946,26,,,,,4953,26,,,,,4949.5,-7.6796875
-1,3400,PEARLS,9996,2,9995,24,,,10004,2,10005,24,,,10000,-61
-1,3500,BANANAS,4946,26,,,,,4953,26,,,,,4949.5,-10.10546875
-1,3500,PEARLS,9995,26,,,,,10005,26,,,,,10000,-61
-1,3600,PEARLS,9995,21,,,,,9998,4,10005,21,,,9996.5,-61
-1,3600,BANANAS,4947,21,,,,,4954,21,,,,,4950.5,-18.0859375
-1,3700,BANANAS,4947,24,,,,,4953,1,4954,23,,,4950,-18.02734375
-1,3700,PEARLS,10002,1,9996,1,9995,23,10004,1,10005,23,,,10003,-61
-1,3800,BANANAS,4947,25,,,,,4952,10,4953,2,4954,23,4949.5,-17.51953125
-1,3800,PEARLS,9996,2,9995,23,,,10002,10,10004,2,10005,23,9999,-59
-1,3900,BANANAS,4948,1,4947,26,,,4953,1,4954,25,,,4950.5,22.515625
-1,3900,PEARLS,9998,1,9996,1,9995,25,10004,1,10005,25,,,10001,-63
-1,4000,PEARLS,9996,2,9995,30,,,10004,2,10005,30,,,10000,-63
-1,4000,BANANAS,4947,32,,,,,4953,2,4954,30,,,4950,23.390625
-1,4100,BANANAS,4946,29,,,,,4953,29,,,,,4949.5,35.03125
-1,4100,PEARLS,9996,2,9995,27,,,10004,2,10005,27,,,10000,-63
-1,4200,BANANAS,4946,26,,,,,4951,4,4953,26,,,4948.5,35.53125
-1,4200,PEARLS,9996,2,9995,24,,,10002,4,10004,2,10005,24,9999,-63
-1,4300,BANANAS,4951,1,4946,22,,,4953,22,,,,,4952,51.8125
-1,4300,PEARLS,9995,22,,,,,9998,1,10000,6,10005,22,9996.5,-71
-1,4400,PEARLS,9995,30,,,,,10005,30,,,,,10000,-81
-1,4400,BANANAS,4946,30,,,,,4953,30,,,,,4949.5,45.40625
-1,4500,BANANAS,4946,28,,,,,4951,10,4953,29,,,4948.5,43.125
-1,4500,PEARLS,9996,1,9995,28,,,10002,10,10004,1,10005,28,9999,-81
-1,4600,BANANAS,4946,30,,,,,4951,10,4953,30,,,4948.5,38.984375
-1,4600,PEARLS,9996,1,9995,29,,,10002,10,10004,1,10005,29,9999,-81
-1,4700,BANANAS,4946,32,,,,,4952,2,4953,30,,,4949,48.203125
-1,4700,PEARLS,9996,2,9995,30,,,10004,2,10005,30,,,10000,-81
-1,4800,PEARLS,9998,6,9996,2,9995,22,10004,2,10005,22,,,10001,-81
-1,4800,BANANAS,4947,6,4946,24,,,4952,2,4953,22,,,4949.5,48.5
-1,4900,BANANAS,4946,22,,,,,4950,7,4952,22,,,4948,62.453125
-1,4900,PEARLS,9995,22,,,,,10002,7,10005,22,,,9998.5,-73
-1,5000,BANANAS,4947,5,4946,28,,,4953,30,,,,,4950,40.375
-1,5000,PEARLS,9998,3,9996,2,9995,28,10004,2,10005,28,,,10001,-73
-1,5100,BANANAS,4947,1,4946,30,,,4953,31,,,,,4950,32.90625
-1,5100,PEARLS,9996,1,9995,30,,,10004,1,10005,30,,,10000,-73
-1,5200,PEARLS,9998,9,9996,1,9995,26,10004,1,10005,26,,,10001,-73
-1,5200,BANANAS,4947,10,4946,26,,,4953,27,,,,,4950,38.4375
-1,5300,PEARLS,9996,1,9995,20,,,10004,1,10005,20,,,10000,-73
-1,5300,BANANAS,4952,1,4947,21,,,4953,1,4954,20,,,4952.5,26.46875
-1,5400,BANANAS,4947,21,,,,,4954,21,,,,,4950.5,13.125
-1,5400,PEARLS,9995,21,,,,,10005,21,,,,,10000,-73
-1,5500,BANANAS,4947,27,,,,,4954,27,,,,,4950.5,9.9375
-1,5500,PEARLS,9995,27,,,,,10005,27,,,,,10000,-73
-1,5600,BANANAS,4946,28,,,,,4953,28,,,,,4949.5,38.4375
-1,5600,PEARLS,9995,28,,,,,10005,28,,,,,10000,-73
-1,5700,PEARLS,9998,2,9995,27,,,10005,27,,,,,10001.5,-73
-1,5700,BANANAS,4948,1,4947,27,,,4954,27,,,,,4951,-6.3125
-1,5800,PEARLS,9996,1,9995,30,,,10004,1,10005,30,,,10000,-73
-1,5800,BANANAS,4947,31,,,,,4954,31,,,,,4950.5,-5.03125
-1,5900,BANANAS,4947,30,,,,,4954,30,,,,,4950.5,4.25
-1,5900,PEARLS,9996,2,9995,28,,,10004,2,10005,28,,,10000,-73
-1,6000,PEARLS,9995,30,,,,,10005,30,,,,,10000,-73
-1,6000,BANANAS,4947,30,,,,,4954,30,,,,,4950.5,14.5625
-1,6100,PEARLS,9996,1,9995,24,,,10004,1,10005,24,,,10000,-73
-1,6100,BANANAS,4947,25,,,,,4948,1,4954,25,,,4947.5,-3.84375
-1,6200,PEARLS,9996,1,9995,21,,,10004,1,10005,21,,,10000,-73
-1,6200,BANANAS,4947,22,,,,,4954,22,,,,,4950.5,1.53125
-1,6300,BANANAS,4947,25,,,,,4954,25,,,,,4950.5,-11.34375
-1,6300,PEARLS,9996,2,9995,23,,,10004,2,10005,23,,,10000,-73
-1,6400,PEARLS,9996,1,9995,24,,,10004,1,10005,24,,,10000,-73
-1,6400,BANANAS,4948,1,4947,24,,,4954,25,,,,,4951,-17.5625
-1,6500,PEARLS,9996,1,9995,26,,,9998,1,10004,1,10005,26,9997,-73
-1,6500,BANANAS,4948,1,4947,26,,,4954,27,,,,,4951,-29.53125
-1,6600,PEARLS,9996,2,9995,24,,,10004,2,10005,24,,,10000,-75
-1,6600,BANANAS,4948,26,,,,,4955,26,,,,,4951.5,-53.8125
-1,6700,BANANAS,4948,20,,,,,4953,6,4955,20,,,4950.5,-40.34375
-1,6700,PEARLS,9995,20,,,,,10002,3,10005,20,,,9998.5,-61
-1,6800,BANANAS,4947,32,,,,,4954,32,,,,,4950.5,-0.5625
-1,6800,PEARLS,9996,2,9995,30,,,10004,2,10005,30,,,10000,-61
-1,6900,PEARLS,9996,1,9995,26,,,10002,5,10004,1,10005,26,9999,-59
-1,6900,BANANAS,4950,4,4947,27,,,4952,5,4954,27,,,4951,12.25
-1,7000,PEARLS,9998,2,9995,27,,,10005,27,,,,,10001.5,-59
-1,7000,BANANAS,4948,2,4947,27,,,4954,27,,,,,4951,7.96875
-1,7100,PEARLS,9996,1,9995,29,,,10004,1,10005,29,,,10000,-49
-1,7100,BANANAS,4947,30,,,,,4954,30,,,,,4950.5,3.8125
-1,7200,BANANAS,4948,5,4947,28,,,4954,28,,,,,4951,-7.21875
-1,7200,PEARLS,9998,5,9996,1,9995,27,10004,1,10005,27,,,10001,-49
-1,7300,PEARLS,10002,1,9996,2,9995,29,10004,2,10005,29,,,10003,-49
-1,7300,BANANAS,4947,31,,,,,4954,31,,,,,4950.5,6.34375
-1,7400,PEARLS,9996,1,9995,22,,,10004,1,10005,22,,,10000,-41
-1,7400,BANANAS,4947,22,,,,,4953,1,4954,22,,,4950,22.65625
-1,7500,PEARLS,9995,25,,,,,10002,10,10005,25,,,9998.5,-41
-1,7500,BANANAS,4947,25,,,,,4952,10,4953,25,,,4949.5,31.46875
-1,7600,BANANAS,4946,22,,,,,4953,22,,,,,4949.5,76.625
-1,7600,PEARLS,9996,2,9995,20,,,10004,2,10005,20,,,10000,-41
-1,7700,PEARLS,9995,22,,,,,10005,22,,,,,10000,-41
-1,7700,BANANAS,4945,22,,,,,4946,1,4952,22,,,4945.5,124.8125
-1,7800,PEARLS,9998,3,9996,1,9995,22,10004,1,10005,22,,,10001,-41
-1,7800,BANANAS,4947,3,4946,23,,,4952,1,4953,22,,,4949.5,84.75
-1,7900,PEARLS,9996,1,9995,26,,,10004,1,10005,26,,,10000,-41
-1,7900,BANANAS,4946,1,4945,26,,,4952,27,,,,,4949,120.0625
-1,8000,BANANAS,4945,27,,,,,4952,27,,,,,4948.5,123.8125
-1,8000,PEARLS,9995,27,,,,,10005,27,,,,,10000,-41
-1,8100,PEARLS,9996,1,9995,22,,,10004,1,10005,22,,,10000,-41
-1,8100,BANANAS,4945,23,,,,,4952,23,,,,,4948.5,144.125
-1,8200,PEARLS,9995,23,,,,,10005,23,,,,,10000,-49
-1,8200,BANANAS,4948,4,4945,23,,,4952,23,,,,,4950,151.1875
-1,8300,PEARLS,9996,1,9995,29,,,10004,1,10005,29,,,10000,-49
-1,8300,BANANAS,4945,30,,,,,4952,30,,,,,4948.5,156.65625
-1,8400,BANANAS,4945,28,,,,,4951,28,,,,,4948,178.5
-1,8400,PEARLS,9995,28,,,,,10005,28,,,,,10000,-49
-1,8500,PEARLS,9998,10,9996,2,9995,29,10004,2,10005,29,,,10001,-49
-1,8500,BANANAS,4945,10,4944,31,,,4951,31,,,,,4948,218.15625
-1,8600,PEARLS,9996,1,9995,22,,,10004,1,10005,22,,,10000,-49
-1,8600,BANANAS,4944,22,,,,,4951,23,,,,,4947.5,222.8125
-1,8700,PEARLS,9998,10,9995,27,,,10005,27,,,,,10001.5,-49
-1,8700,BANANAS,4946,10,4945,27,,,4948,6,4952,27,,,4947,145.875
-1,8800,BANANAS,4945,25,,,,,4948,1,4952,25,,,4946.5,128.0625
-1,8800,PEARLS,9995,25,,,,,9998,1,10005,25,,,9996.5,-49
-1,8900,PEARLS,9998,9,9995,26,,,10005,26,,,,,10001.5,-51
-1,8900,BANANAS,4946,9,4945,26,,,4952,26,,,,,4949,146.15625
-1,9000,PEARLS,9996,2,9995,29,,,10004,2,10005,29,,,10000,-51
-1,9000,BANANAS,4945,31,,,,,4952,31,,,,,4948.5,124
-1,9100,PEARLS,9998,3,9996,2,9995,27,10004,2,10005,27,,,10001,-51
-1,9100,BANANAS,4947,3,4946,29,,,4952,2,4953,27,,,4949.5,86.625
-1,9200,BANANAS,4951,1,4946,10,4945,27,4952,27,,,,,4951.5,113.125
-1,9200,PEARLS,9998,10,9995,27,,,10005,27,,,,,10001.5,-51
-1,9300,PEARLS,9996,1,9995,20,,,10004,1,10005,20,,,10000,-51
-1,9300,BANANAS,4946,1,4945,20,,,4952,21,,,,,4949,117.46875
-1,9400,PEARLS,9998,2,9996,2,9995,21,10004,2,10005,21,,,10001,-51
-1,9400,BANANAS,4947,2,4946,23,,,4952,23,,,,,4949.5,101.34375
-1,9500,PEARLS,9996,1,9995,30,,,10004,1,10005,30,,,10000,-51
-1,9500,BANANAS,4946,1,4945,30,,,4952,31,,,,,4949,109.09375
-1,9600,BANANAS,4945,31,,,,,4952,31,,,,,4948.5,122.40625
-1,9600,PEARLS,9996,1,9995,30,,,10004,1,10005,30,,,10000,-51
-1,9700,PEARLS,9995,22,,,,,10002,1,10005,22,,,9998.5,-51
-1,9700,BANANAS,4945,22,,,,,4950,1,4952,22,,,4947.5,102.8125
-1,9800,PEARLS,9995,26,,,,,10005,26,,,,,10000,-51
-1,9800,BANANAS,4945,26,,,,,4952,26,,,,,4948.5,107.65625
-1,9900,BANANAS,4945,25,,,,,4952,25,,,,,4948.5,117.5
-1,9900,PEARLS,9995,25,,,,,10005,25,,,,,10000,-51
-1,10000,BANANAS,4945,28,,,,,4952,28,,,,,4948.5,128.5
-1,10000,PEARLS,9995,28,,,,,10005,28,,,,,10000,-51
-1,10100,BANANAS,4946,1,4945,24,,,4950,3,4952,25,,,4948,118.03125
-1,10100,PEARLS,9996,1,9995,24,,,10002,3,10004,1,10005,24,9999,-51
-1,10200,PEARLS,9996,2,9995,26,,,10004,2,10005,26,,,10000,-51
-1,10200,BANANAS,4946,28,,,,,4952,2,4953,26,,,4949,92.21875
-1,10300,PEARLS,9998,4,9995,27,,,10005,27,,,,,10001.5,-53
-1,10300,BANANAS,4946,5,4945,27,,,4948,1,4952,27,,,4947,108.65625
-1,10400,BANANAS,4946,29,,,,,4953,29,,,,,4949.5,69.375
-1,10400,PEARLS,10002,1,9996,1,9995,28,10004,1,10005,28,,,10003,-53
-1,10500,PEARLS,9998,4,9996,2,9995,29,10004,2,10005,29,,,10001,-51
-1,10500,BANANAS,4946,4,4945,31,,,4952,31,,,,,4949,151.53125
-1,10600,PEARLS,9996,2,9995,29,,,10000,4,10004,2,10005,29,9998,-51
-1,10600,BANANAS,4945,31,,,,,4952,31,,,,,4948.5,149.8125
-1,10700,PEARLS,9998,8,9995,28,,,10005,28,,,,,10001.5,-51
-1,10700,BANANAS,4946,8,4945,28,,,4952,28,,,,,4949,129.375
-1,10800,BANANAS,4947,5,4946,24,,,4953,24,,,,,4950,72.59375
-1,10800,PEARLS,9998,5,9996,2,9995,22,10004,2,10005,22,,,10001,-51
-1,10900,PEARLS,9996,1,9995,27,,,10004,1,10005,27,,,10000,-3
-1,10900,BANANAS,4947,1,4946,27,,,4953,28,,,,,4950,28.59375
-1,11000,PEARLS,9995,24,,,,,10002,7,10005,24,,,9998.5,-3
-1,11000,BANANAS,4946,24,,,,,4951,7,4953,24,,,4948.5,83.78125
-1,11100,PEARLS,9998,3,9995,21,,,10005,21,,,,,10001.5,-3
-1,11100,BANANAS,4947,3,4946,21,,,4953,21,,,,,4950,88.46875
-1,11200,BANANAS,4946,23,,,,,4951,7,4952,2,4953,21,4948.5,85.875
-1,11200,PEARLS,9996,2,9995,21,,,10002,7,10004,2,10005,21,9999,-17
-1,11300,BANANAS,4948,4,4945,22,,,4952,22,,,,,4950,127.4375
-1,11300,PEARLS,9996,1,9995,21,,,10004,1,10005,21,,,10000,-17
-1,11400,PEARLS,9996,1,9995,25,,,10004,1,10005,25,,,10000,-17
-1,11400,BANANAS,4945,26,,,,,4951,1,4952,25,,,4948,168.3125
-1,11500,BANANAS,4945,1,4944,25,,,4949,9,4951,26,,,4947,188.65625
-1,11500,PEARLS,9996,1,9995,25,,,10002,7,10004,1,10005,25,9999,-17
-1,11600,BANANAS,4944,29,,,,,4949,2,4951,29,,,4946.5,209.21875
-1,11600,PEARLS,9996,2,9995,27,,,10002,2,10004,2,10005,27,9999,-17
-1,11700,BANANAS,4944,23,,,,,4951,23,,,,,4947.5,196.5625
-1,11700,PEARLS,9996,2,9995,21,,,10004,2,10005,21,,,10000,-17
-1,11800,PEARLS,9998,10,9995,29,,,10000,5,10005,29,,,9999,-17
-1,11800,BANANAS,4950,1,4945,10,4944,29,4951,29,,,,,4950.5,192.5625
-1,11900,BANANAS,4944,32,,,,,4950,2,4951,30,,,4947,247.21875
-1,11900,PEARLS,9996,2,9995,30,,,10004,2,10005,30,,,10000,-17
-1,12000,BANANAS,4943,20,,,,,4950,20,,,,,4946.5,274.625
-1,12000,PEARLS,10002,1,9995,20,,,10005,20,,,,,10003.5,-17
-1,12100,BANANAS,4943,27,,,,,4949,2,4950,25,,,4946,330.84375
-1,12100,PEARLS,9996,2,9995,25,,,10004,2,10005,25,,,10000,-15
-1,12200,PEARLS,9996,2,9995,28,,,10004,2,10005,28,,,10000,-15
-1,12200,BANANAS,4943,30,,,,,4950,30,,,,,4946.5,289.5
-1,12300,BANANAS,4944,6,4943,29,,,4950,29,,,,,4947,306.1875
-1,12300,PEARLS,9998,6,9996,1,9995,28,10004,1,10005,28,,,10001,-15
-1,12400,BANANAS,4943,26,,,,,4950,26,,,,,4946.5,317.75
-1,12400,PEARLS,9995,26,,,,,10005,26,,,,,10000,-15
-1,12500,BANANAS,4943,19,,,,,4950,20,,,,,4946.5,314.21875
-1,12500,PEARLS,9995,20,,,,,10005,20,,,,,10000,-15
-1,12600,PEARLS,9995,22,,,,,10005,22,,,,,10000,-15
-1,12600,BANANAS,4943,22,,,,,4949,22,,,,,4946,331.84375
-1,12700,BANANAS,4943,22,,,,,4950,22,,,,,4946.5,291.03125
-1,12700,PEARLS,9996,2,9995,20,,,10004,2,10005,20,,,10000,-15
-1,12800,BANANAS,4943,22,,,,,4950,22,,,,,4946.5,277.8125
-1,12800,PEARLS,9996,2,9995,20,,,10004,2,10005,20,,,10000,-15
-1,12900,BANANAS,4944,29,,,,,4948,3,4950,29,,,4946,252.6875
-1,12900,PEARLS,9996,1,9995,28,,,10002,3,10004,1,10005,28,9999,-15
-1,13000,PEARLS,10002,1,9995,20,,,10005,20,,,,,10003.5,-15
-1,13000,BANANAS,4949,1,4943,20,,,4950,20,,,,,4949.5,261.5625
-1,13100,BANANAS,4944,26,,,,,4950,1,4951,25,,,4947,245.5
-1,13100,PEARLS,9996,1,9995,25,,,10004,1,10005,25,,,10000,-13
-1,13200,BANANAS,4944,4,4943,22,,,4950,22,,,,,4947,269.15625
-1,13200,PEARLS,9998,2,9995,22,,,10005,22,,,,,10001.5,-17
-1,13300,BANANAS,4944,24,,,,,4951,24,,,,,4947.5,247.71875
-1,13300,PEARLS,9995,24,,,,,10005,24,,,,,10000,-17
-1,13400,PEARLS,9996,2,9995,30,,,10004,2,10005,30,,,10000,-7
-1,13400,BANANAS,4944,32,,,,,4950,2,4951,30,,,4947,250.78125
-1,13500,BANANAS,4944,30,,,,,4951,30,,,,,4947.5,219.75
-1,13500,PEARLS,9995,30,,,,,10005,30,,,,,10000,-7
-1,13600,BANANAS,4944,24,,,,,4949,10,4951,25,,,4946.5,237.46875
-1,13600,PEARLS,9995,25,,,,,10002,10,10005,25,,,9998.5,-7
-1,13700,BANANAS,4944,21,,,,,4951,21,,,,,4947.5,233.375
-1,13700,PEARLS,9996,1,9995,20,,,9998,4,10004,1,10005,20,9997,-7
-1,13800,PEARLS,9996,2,9995,20,,,10004,2,10005,20,,,10000,-7
-1,13800,BANANAS,4943,22,,,,,4950,22,,,,,4946.5,316.40625
-1,13900,BANANAS,4943,2,4942,20,,,4949,22,,,,,4946,366.28125
-1,13900,PEARLS,9996,2,9995,20,,,10000,6,10004,2,10005,20,9998,-7
-1,14000,BANANAS,4947,2,4943,7,4942,27,4949,29,,,,,4948,365.53125
-1,14000,PEARLS,9998,5,9996,2,9995,27,10004,2,10005,27,,,10001,-7
-1,14100,BANANAS,4942,25,,,,,4949,25,,,,,4945.5,399.34375
-1,14100,PEARLS,9996,2,9995,23,,,10004,2,10005,23,,,10000,-7
-1,14200,BANANAS,4942,20,,,,,4949,21,,,,,4945.5,401.40625
-1,14200,PEARLS,9995,21,,,,,10005,21,,,,,10000,-7
-1,14300,PEARLS,9996,2,9995,27,,,10004,2,10005,27,,,10000,-7
-1,14300,BANANAS,4943,29,,,,,4949,2,4950,27,,,4946,338.03125
-1,14400,BANANAS,4942,30,,,,,4949,30,,,,,4945.5,373.34375
-1,14400,PEARLS,9996,1,9995,29,,,10004,1,10005,29,,,10000,-7
-1,14500,BANANAS,4943,24,,,,,4948,1,4950,24,,,4945.5,341.03125
-1,14500,PEARLS,9995,24,,,,,10002,1,10005,24,,,9998.5,-7
-1,14600,PEARLS,9996,2,9995,26,,,10000,2,10004,2,10005,26,9998,-7
-1,14600,BANANAS,4943,2,4942,26,,,4949,28,,,,,4946,369.34375
-1,14700,PEARLS,9995,30,,,,,10002,7,10005,30,,,9998.5,-7
-1,14700,BANANAS,4942,30,,,,,4947,7,4949,30,,,4944.5,371.90625
-1,14800,PEARLS,9995,28,,,,,10002,6,10005,28,,,9998.5,-7
-1,14800,BANANAS,4942,28,,,,,4947,6,4949,28,,,4944.5,357.25
-1,14900,BANANAS,4942,26,,,,,4949,26,,,,,4945.5,368.8125
-1,14900,PEARLS,10000,4,9995,26,,,10005,26,,,,,10002.5,-7
-1,15000,PEARLS,9998,1,9995,25,,,10005,25,,,,,10001.5,-7
-1,15000,BANANAS,4943,1,4942,25,,,4949,25,,,,,4946,389.0625
-1,15100,PEARLS,9995,22,,,,,10005,22,,,,,10000,-7
-1,15100,BANANAS,4942,22,,,,,4949,22,,,,,4945.5,357.375
-1,15200,PEARLS,9998,6,9995,27,,,10005,27,,,,,10001.5,-7
-1,15200,BANANAS,4944,5,4943,27,,,4950,27,,,,,4947,308.84375
-1,15300,BANANAS,4942,26,,,,,4947,1,4949,26,,,4944.5,355.78125
-1,15300,PEARLS,9995,26,,,,,10002,1,10005,26,,,9998.5,-7
-1,15400,PEARLS,9996,2,9995,28,,,9998,1,10004,2,10005,28,9997,-5
-1,15400,BANANAS,4942,30,,,,,4949,30,,,,,4945.5,375.90625
-1,15500,PEARLS,10002,1,9996,2,9995,29,10004,2,10005,29,,,10003,-7
-1,15500,BANANAS,4943,2,4942,29,,,4949,31,,,,,4946,362.28125
-1,15600,PEARLS,9996,2,9995,24,,,10004,2,10005,24,,,10000,-7
-1,15600,BANANAS,4943,26,,,,,4950,26,,,,,4946.5,310.65625
-1,15700,PEARLS,10002,5,9996,1,9995,24,10004,1,10005,24,,,10003,3
-1,15700,BANANAS,4944,25,,,,,4949,1,4950,1,4951,24,4946.5,242.25
-1,15800,BANANAS,4949,1,4945,10,4944,22,4950,2,4951,20,,,4949.5,249.625
-1,15800,PEARLS,9998,10,9996,2,9995,20,10004,2,10005,20,,,10001,3
-1,15900,PEARLS,9996,2,9995,29,,,10000,6,10004,2,10005,29,9998,3
-1,15900,BANANAS,4944,31,,,,,4951,31,,,,,4947.5,211.375
-1,16000,PEARLS,9996,2,9995,27,,,10002,6,10004,2,10005,27,9999,3
-1,16000,BANANAS,4945,29,,,,,4950,6,4951,2,4952,27,4947.5,164.28125
-1,16100,PEARLS,9995,21,,,,,10000,2,10002,10,10005,21,9997.5,3
-1,16100,BANANAS,4944,21,,,,,4949,10,4951,21,,,4946.5,186.40625
-1,16200,BANANAS,4950,1,4944,24,,,4951,24,,,,,4950.5,187.15625
-1,16200,PEARLS,9995,24,,,,,9998,1,10005,24,,,9996.5,3
-1,16300,PEARLS,9996,1,9995,22,,,10004,1,10005,22,,,10000,1
-1,16300,BANANAS,4944,23,,,,,4946,2,4951,23,,,4945,208.5
-1,16400,PEARLS,9996,2,9995,30,,,10002,3,10004,2,10005,30,9999,7
-1,16400,BANANAS,4945,2,4944,30,,,4949,4,4951,32,,,4947,182.46875
-1,16500,PEARLS,9996,2,9995,21,,,10002,7,10004,2,10005,21,9999,7
-1,16500,BANANAS,4945,2,4944,21,,,4949,7,4951,23,,,4947,190.28125
-1,16600,BANANAS,4945,30,,,,,4946,1,4951,30,,,4945.5,160.75
-1,16600,PEARLS,9998,4,9996,2,9995,28,10004,2,10005,28,,,10001,7
-1,16700,PEARLS,10002,1,9995,26,,,10005,26,,,,,10003.5,7
-1,16700,BANANAS,4944,26,,,,,4946,4,4951,26,,,4945,187.09375
-1,16800,PEARLS,9995,26,,,,,10005,26,,,,,10000,9
-1,16800,BANANAS,4944,26,,,,,4951,26,,,,,4947.5,225.5625
-1,16900,PEARLS,9996,1,9995,25,,,10004,1,10005,25,,,10000,-16
-1,16900,BANANAS,4944,26,,,,,4951,26,,,,,4947.5,217.9375
-1,17000,BANANAS,4945,9,4944,29,,,4951,29,,,,,4948,223.1875
-1,17000,PEARLS,9998,9,9995,29,,,10005,29,,,,,10001.5,-16
-1,17100,PEARLS,9996,2,9995,21,,,10004,2,10005,21,,,10000,-16
-1,17100,BANANAS,4945,2,4944,21,,,4951,23,,,,,4948,157.5
-1,17200,PEARLS,9998,3,9996,2,9995,22,10004,2,10005,22,,,10001,-16
-1,17200,BANANAS,4946,3,4945,24,,,4951,2,4952,22,,,4948.5,132.78125
-1,17300,PEARLS,9996,2,9995,23,,,10002,9,10004,2,10005,23,9999,-16
-1,17300,BANANAS,4945,25,,,,,4950,7,4952,25,,,4947.5,79.625
-1,17400,BANANAS,4947,7,4946,28,,,4953,28,,,,,4950,44.25
-1,17400,PEARLS,10000,6,9998,7,9995,28,10005,28,,,,,10002.5,-16
-1,17500,PEARLS,9995,26,,,,,10005,26,,,,,10000,-16
-1,17500,BANANAS,4946,26,,,,,4953,26,,,,,4949.5,5.5625
-1,17600,PEARLS,9998,6,9995,30,,,10005,30,,,,,10001.5,-16
-1,17600,BANANAS,4946,6,4945,30,,,4952,30,,,,,4949,96.8125
-1,17700,PEARLS,9996,2,9995,27,,,10004,2,10005,27,,,10000,-16
-1,17700,BANANAS,4950,1,4945,29,,,4951,2,4952,27,,,4950.5,130.6875
-1,17800,BANANAS,4945,2,4944,24,,,4949,5,4951,26,,,4947,164.875
-1,17800,PEARLS,9996,2,9995,24,,,10002,5,10004,2,10005,24,9999,-16
-1,17900,PEARLS,9995,23,,,,,10005,23,,,,,10000,-16
-1,17900,BANANAS,4944,23,,,,,4951,23,,,,,4947.5,169.375
-1,18000,PEARLS,9996,2,9995,25,,,10004,2,10005,25,,,10000,-16
-1,18000,BANANAS,4945,2,4944,25,,,4951,27,,,,,4948,160.25
-1,18100,PEARLS,9995,20,,,,,10005,20,,,,,10000,-16
-1,18100,BANANAS,4945,20,,,,,4952,20,,,,,4948.5,127.1875
-1,18200,BANANAS,4945,25,,,,,4946,2,4952,26,,,4945.5,116.5
-1,18200,PEARLS,9996,1,9995,25,,,10004,1,10005,25,,,10000,-16
-1,18300,PEARLS,9996,2,9995,23,,,10004,2,10005,23,,,10000,-16
-1,18300,BANANAS,4944,25,,,,,4951,25,,,,,4947.5,214.625
-1,18400,PEARLS,9996,2,9995,23,,,10004,2,10005,23,,,10000,-16
-1,18400,BANANAS,4945,25,,,,,4951,2,4952,23,,,4948,144.625
-1,18500,PEARLS,9995,29,,,,,10000,2,10005,29,,,9997.5,-16
-1,18500,BANANAS,4950,1,4945,29,,,4952,29,,,,,4951,145.875
-1,18600,BANANAS,4945,20,,,,,4952,20,,,,,4948.5,132.8125
-1,18600,PEARLS,10002,1,9995,20,,,10005,20,,,,,10003.5,-16
-1,18700,BANANAS,4945,22,,,,,4952,22,,,,,4948.5,147.8125
-1,18700,PEARLS,9995,22,,,,,10005,22,,,,,10000,-16
-1,18800,PEARLS,9996,2,9995,26,,,10004,2,10005,26,,,10000,-16
-1,18800,BANANAS,4945,28,,,,,4952,28,,,,,4948.5,107.25
-1,18900,BANANAS,4946,2,4945,22,,,4952,22,,,,,4949,77.5625
-1,18900,PEARLS,9998,2,9995,22,,,10005,22,,,,,10001.5,-16
-1,19000,BANANAS,4945,28,,,,,4951,2,4952,26,,,4948,129
-1,19000,PEARLS,9996,2,9995,26,,,10004,2,10005,26,,,10000,-16
-1,19100,PEARLS,9996,2,9995,26,,,10004,2,10005,26,,,10000,-16
-1,19100,BANANAS,4945,28,,,,,4951,2,4952,26,,,4948,141.75
-1,19200,PEARLS,9996,1,9995,20,,,9998,1,10004,1,10005,20,9997,-16
-1,19200,BANANAS,4945,21,,,,,4952,21,,,,,4948.5,112.75
-1,19300,PEARLS,9996,2,9995,21,,,10004,2,10005,21,,,10000,-16
-1,19300,BANANAS,4945,23,,,,,4952,23,,,,,4948.5,82.875
-1,19400,BANANAS,4946,26,,,,,4953,26,,,,,4949.5,24.1875
-1,19400,PEARLS,9995,26,,,,,10005,26,,,,,10000,-20
-1,19500,PEARLS,9995,23,,,,,10005,23,,,,,10000,-20
-1,19500,BANANAS,4946,23,,,,,4953,23,,,,,4949.5,34.5
-1,19600,PEARLS,9996,2,9995,27,,,10004,2,10005,27,,,10000,-20
-1,19600,BANANAS,4946,29,,,,,4952,2,4953,27,,,4949,20.3125
-1,19700,PEARLS,10002,1,9996,2,9995,30,10004,2,10005,30,,,10003,-20
-1,19700,BANANAS,4946,31,,,,,4952,2,4953,30,,,4949,19.4375
-1,19800,BANANAS,4946,31,,,,,4952,2,4953,29,,,4949,9.9375
-1,19800,PEARLS,9996,2,9995,29,,,10004,2,10005,29,,,10000,-18
-1,19900,PEARLS,9996,2,9995,30,,,10004,2,10005,30,,,10000,-18
-1,19900,BANANAS,4950,5,4946,32,,,4952,2,4953,30,,,4951,26.9375
-1,20000,PEARLS,9995,27,,,,,10002,4,10005,27,,,9998.5,-18
-1,20000,BANANAS,4946,27,,,,,4951,4,4953,27,,,4948.5,-17.125
-1,20100,PEARLS,10002,1,9996,1,9995,30,10004,1,10005,30,,,10003,-10
-1,20100,BANANAS,4946,31,,,,,4951,4,4952,1,4953,30,4948.5,26.375
-1,20200,BANANAS,4946,29,,,,,4953,29,,,,,4949.5,16.5
-1,20200,PEARLS,9995,29,,,,,9998,1,10005,29,,,9996.5,-8
-1,20300,BANANAS,4945,27,,,,,4946,1,4952,27,,,4945.5,60.375
-1,20300,PEARLS,9995,27,,,,,10005,27,,,,,10000,-10
-1,20400,PEARLS,9996,1,9995,28,,,10000,4,10004,1,10005,28,9998,-10
-1,20400,BANANAS,4946,29,,,,,4952,1,4953,28,,,4949,29.125
-1,20500,BANANAS,4946,32,,,,,4952,2,4953,30,,,4949,20.625
-1,20500,PEARLS,10000,3,9996,2,9995,30,10004,2,10005,30,,,10002,-12
-1,20600,BANANAS,4947,28,,,,,4953,2,4954,26,,,4950,-98.625
-1,20600,PEARLS,9996,2,9995,26,,,10004,2,10005,26,,,10000,-12
-1,20700,BANANAS,4948,4,4947,22,,,4950,3,4953,22,,,4949,-76
-1,20700,PEARLS,10002,1,10000,6,9998,4,10005,22,,,,,10003.5,-12
-1,20800,PEARLS,9996,2,9995,22,,,10004,2,10005,22,,,10000,-10
-1,20800,BANANAS,4948,2,4947,22,,,4954,24,,,,,4951,-173.5625
-1,20900,BANANAS,4953,1,4947,23,,,4954,23,,,,,4953.5,-159.4375
-1,20900,PEARLS,9995,23,,,,,10005,23,,,,,10000,-10
-1,21000,BANANAS,4948,28,,,,,4951,6,4954,2,4955,26,4949.5,-197.1875
-1,21000,PEARLS,9996,2,9995,26,,,10004,2,10005,26,,,10000,-10
-1,21100,BANANAS,4948,24,,,,,4955,24,,,,,4951.5,-228.875
-1,21100,PEARLS,9996,2,9995,22,,,10004,2,10005,22,,,10000,-10
-1,21200,PEARLS,9995,22,,,,,9998,1,10005,22,,,9996.5,-10
-1,21200,BANANAS,4947,22,,,,,4954,22,,,,,4950.5,-177.875
-1,21300,BANANAS,4948,1,4947,29,,,4952,7,4954,30,,,4950,-186.8125
-1,21300,PEARLS,9996,1,9995,29,,,10002,7,10004,1,10005,29,9999,-12
-1,21400,BANANAS,4948,28,,,,,4955,28,,,,,4951.5,-236.8125
-1,21400,PEARLS,9995,28,,,,,10005,28,,,,,10000,-44
-1,21500,BANANAS,4950,2,4948,1,4947,20,4954,21,,,,,4952,-185.125
-1,21500,PEARLS,9996,1,9995,20,,,10004,1,10005,20,,,10000,-44
-1,21600,PEARLS,10002,12,9996,2,9995,25,10004,2,10005,25,,,10003,-44
-1,21600,BANANAS,4952,5,4948,27,,,4955,27,,,,,4953.5,-247.625
-1,21700,BANANAS,4948,10,4947,29,,,4954,31,,,,,4951,-182.0625
-1,21700,PEARLS,9998,8,9996,2,9995,29,10004,2,10005,29,,,10001,-44
-1,21800,BANANAS,4948,24,,,,,4954,2,4955,22,,,4951,-205
-1,21800,PEARLS,9996,2,9995,22,,,10004,2,10005,22,,,10000,-44
-1,21900,BANANAS,4948,1,4947,21,,,4954,22,,,,,4951,-168.5625
-1,21900,PEARLS,10002,3,9996,1,9995,21,10004,1,10005,21,,,10003,-44
-1,22000,PEARLS,9995,21,,,,,10005,21,,,,,10000,-44
-1,22000,BANANAS,4947,21,,,,,4954,21,,,,,4950.5,-133.5
-1,22100,BANANAS,4948,1,4947,22,,,4952,7,4954,24,,,4950,-172.5
-1,22100,PEARLS,9996,2,9995,22,,,10002,7,10004,2,10005,22,9999,-44
-1,22200,BANANAS,4949,6,4948,21,,,4954,1,4955,20,,,4951.5,-215.4375
-1,22200,PEARLS,9998,6,9996,1,9995,20,10004,1,10005,20,,,10001,-44
-1,22300,BANANAS,4948,29,,,,,4955,29,,,,,4951.5,-246
-1,22300,PEARLS,9996,1,9995,28,,,10004,1,10005,28,,,10000,-56
-1,22400,PEARLS,9996,2,9995,27,,,9998,1,10004,2,10005,27,9997,-56
-1,22400,BANANAS,4948,29,,,,,4955,29,,,,,4951.5,-294.5625
-1,22500,BANANAS,4948,31,,,,,4955,31,,,,,4951.5,-279.25
-1,22500,PEARLS,9996,2,9995,29,,,10004,2,10005,29,,,10000,-58
-1,22600,BANANAS,4949,6,4948,22,,,4955,22,,,,,4952,-270.5625
-1,22600,PEARLS,10000,6,9998,6,9996,2,10004,2,10005,20,,,10002,-58
-1,22700,BANANAS,4949,1,4948,24,,,4955,26,,,,,4952,-329.25
-1,22700,PEARLS,9996,2,9995,24,,,10004,2,10005,24,,,10000,-58
-1,22800,PEARLS,9996,1,9995,27,,,9998,2,10004,1,10005,27,9997,-58
-1,22800,BANANAS,4948,27,,,,,4954,1,4955,27,,,4951,-225.1875
-1,22900,BANANAS,4948,32,,,,,4953,8,4954,2,4955,30,4950.5,-238.5
-1,22900,PEARLS,9996,2,9995,30,,,10002,8,10004,2,10005,30,9999,-62
-1,23000,BANANAS,4948,22,,,,,4955,22,,,,,4951.5,-310.3125
-1,23000,PEARLS,9996,1,9995,21,,,10004,1,10005,21,,,10000,-62
-1,23100,BANANAS,4949,8,4948,23,,,4955,23,,,,,4952,-288.1875
-1,23100,PEARLS,9998,8,9995,23,,,10005,23,,,,,10001.5,-62
-1,23200,BANANAS,4953,7,4949,5,4948,31,4955,31,,,,,4954,-260.4375
-1,23200,PEARLS,9998,5,9996,2,9995,29,10004,2,10005,29,,,10001,-62
-1,23300,PEARLS,9996,1,9995,29,,,10004,1,10005,29,,,10000,-68
-1,23300,BANANAS,4948,1,4947,29,,,4954,30,,,,,4951,-197.5
-1,23400,BANANAS,4952,2,4948,30,,,4954,30,,,,,4953,-202
-1,23400,PEARLS,9996,1,9995,29,,,10004,1,10005,29,,,10000,-68
-1,23500,BANANAS,4948,9,4947,28,,,4954,30,,,,,4951,-184.75
-1,23500,PEARLS,9998,8,9996,2,9995,28,10004,2,10005,28,,,10001,-68
-1,23600,PEARLS,9995,27,,,,,10005,27,,,,,10000,-68
-1,23600,BANANAS,4951,1,4948,27,,,4955,27,,,,,4953,-232.125
-1,23700,PEARLS,10002,1,9996,2,9995,21,10004,2,10005,21,,,10003,-68
-1,23700,BANANAS,4947,23,,,,,4954,23,,,,,4950.5,-163.375
-1,23800,PEARLS,9995,30,,,,,10005,30,,,,,10000,-66
-1,23800,BANANAS,4953,1,4947,30,,,4954,30,,,,,4953.5,-181.6875
-1,23900,BANANAS,4953,1,4947,30,,,4954,30,,,,,4953.5,-141
-1,23900,PEARLS,9995,30,,,,,10005,30,,,,,10000,-66
-1,24000,PEARLS,9998,9,9995,29,,,10005,29,,,,,10001.5,-66
-1,24000,BANANAS,4948,9,4947,29,,,4953,29,,,,,4950.5,-48.6875
-1,24100,PEARLS,9996,1,9995,25,,,10004,1,10005,25,,,10000,-66
-1,24100,BANANAS,4952,1,4946,26,,,4953,26,,,,,4952.5,17.875
-1,24200,PEARLS,9996,2,9995,28,,,10002,6,10004,2,10005,28,9999,-98
-1,24200,BANANAS,4946,2,4945,28,,,4950,6,4952,30,,,4948,132.8125
-1,24300,BANANAS,4949,2,4945,2,4944,24,4951,26,,,,,4950,279.9375
-1,24300,PEARLS,9996,2,9995,24,,,10002,1,10004,2,10005,24,9999,-98
-1,24400,PEARLS,10002,1,9998,4,9996,1,10004,1,10005,21,,,10003,-98
-1,24400,BANANAS,4950,1,4945,4,4944,22,4951,22,,,,,4950.5,329.9375
-1,24500,PEARLS,10002,1,9996,1,9995,25,10004,1,10005,25,,,10003,-98
-1,24500,BANANAS,4948,1,4945,26,,,4952,26,,,,,4950,199.0625
-1,24600,PEARLS,9995,24,,,,,9998,2,10005,24,,,9996.5,-96
-1,24600,BANANAS,4945,24,,,,,4952,24,,,,,4948.5,250.4375
-1,24700,PEARLS,9995,25,,,,,10005,25,,,,,10000,-100
-1,24700,BANANAS,4945,25,,,,,4952,25,,,,,4948.5,234.8125
-1,24800,BANANAS,4945,23,,,,,4951,23,,,,,4948,264.5625
-1,24800,PEARLS,9995,23,,,,,10005,23,,,,,10000,-100
-1,24900,PEARLS,10002,1,9996,1,9995,22,10004,1,10005,22,,,10003,-100
-1,24900,BANANAS,4944,23,,,,,4951,23,,,,,4947.5,343.875
-1,25000,PEARLS,9995,23,,,,,10005,23,,,,,10000,-100
-1,25000,BANANAS,4944,23,,,,,4951,23,,,,,4947.5,325.4375
-1,25100,PEARLS,10002,1,9995,25,,,10005,25,,,,,10003.5,-100
-1,25100,BANANAS,4944,25,,,,,4950,25,,,,,4947,428.9375
-1,25200,BANANAS,4949,1,4945,3,4944,25,4951,25,,,,,4950,363.3125
-1,25200,PEARLS,9996,1,9995,24,,,9998,5,10004,1,10005,24,9997,-102
-1,25300,PEARLS,9996,2,9995,22,,,10004,2,10005,22,,,10000,-112
-1,25300,BANANAS,4944,23,,,,,4950,24,,,,,4947,425.5
-1,25400,PEARLS,9996,1,9995,29,,,10004,1,10005,29,,,10000,-112
-1,25400,BANANAS,4944,30,,,,,4951,30,,,,,4947.5,318.6875
-1,25500,PEARLS,9996,1,9995,20,,,9998,6,10002,9,10004,1,9997,-112
-1,25500,BANANAS,4945,21,,,,,4949,9,4951,21,,,4947,263.8125
-1,25600,BANANAS,4945,23,,,,,4950,7,4951,1,4952,22,4947.5,248.5625
-1,25600,PEARLS,9996,1,9995,22,,,10002,7,10004,1,10005,22,9999,-112
-1,25700,PEARLS,9996,2,9995,30,,,10004,2,10005,30,,,10000,-112
-1,25700,BANANAS,4945,32,,,,,4951,2,4952,30,,,4948,256.625
-1,25800,PEARLS,10002,4,9995,24,,,10005,24,,,,,10003.5,-104
-1,25800,BANANAS,4944,24,,,,,4945,1,4951,24,,,4944.5,276
-1,25900,PEARLS,9996,2,9995,23,,,10004,2,10005,23,,,10000,-104
-1,25900,BANANAS,4945,2,4944,23,,,4951,25,,,,,4948,289.375
-1,26000,BANANAS,4945,29,,,,,4951,29,,,,,4948,269.5
-1,26000,PEARLS,9996,2,9995,27,,,10004,2,10005,27,,,10000,-104
-1,26100,PEARLS,9998,7,9995,20,,,10005,20,,,,,10001.5,-104
-1,26100,BANANAS,4946,7,4945,20,,,4952,20,,,,,4949,232.5625
-1,26200,PEARLS,9996,1,9995,22,,,10004,1,10005,22,,,10000,-104
-1,26200,BANANAS,4945,23,,,,,4952,23,,,,,4948.5,219.375
-1,26300,PEARLS,9996,1,9995,29,,,9998,1,10004,1,10005,29,9997,-104
-1,26300,BANANAS,4945,30,,,,,4951,1,4952,29,,,4948,242.75
-1,26400,BANANAS,4945,21,,,,,4952,22,,,,,4948.5,220.5625
-1,26400,PEARLS,9995,22,,,,,10005,22,,,,,10000,-106
-1,26500,PEARLS,9996,1,9995,23,,,10004,1,10005,23,,,10000,-106
-1,26500,BANANAS,4945,24,,,,,4951,24,,,,,4948,262
-1,26600,PEARLS,9996,2,9995,28,,,9998,1,10004,2,10005,28,9997,-106
-1,26600,BANANAS,4945,30,,,,,4952,30,,,,,4948.5,190.6875
-1,26700,PEARLS,9998,2,9996,1,9995,23,10004,1,10005,23,,,10001,-108
-1,26700,BANANAS,4946,2,4945,24,,,4951,1,4952,23,,,4948.5,232.5
-1,26800,BANANAS,4950,1,4945,30,,,4952,30,,,,,4951,178.5
-1,26800,PEARLS,9996,2,9995,28,,,10004,2,10005,28,,,10000,-108
-1,26900,PEARLS,10002,1,9995,30,,,10005,30,,,,,10003.5,-108
-1,26900,BANANAS,4945,29,,,,,4952,30,,,,,4948.5,211.8125
-1,27000,PEARLS,9995,28,,,,,10002,1,10005,28,,,9998.5,-108
-1,27000,BANANAS,4945,28,,,,,4950,1,4952,28,,,4947.5,177.375
-1,27100,PEARLS,9995,24,,,,,10005,24,,,,,10000,-108
-1,27100,BANANAS,4945,24,,,,,4952,24,,,,,4948.5,170.25
-1,27200,BANANAS,4948,1,4946,2,4945,21,4952,21,,,,,4950,148.25
-1,27200,PEARLS,9998,2,9995,21,,,10005,21,,,,,10001.5,-108
-1,27300,PEARLS,9996,2,9995,29,,,10004,2,10005,29,,,10000,-108
-1,27300,BANANAS,4951,1,4946,31,,,4952,2,4953,29,,,4951.5,79.3125
-1,27400,PEARLS,9995,21,,,,,10005,21,,,,,10000,-108
-1,27400,BANANAS,4946,21,,,,,4952,21,,,,,4949,98.875
-1,27500,BANANAS,4945,23,,,,,4948,5,4952,23,,,4946.5,146.4375
-1,27500,PEARLS,9996,1,9995,22,,,10004,1,10005,22,,,10000,-108
-1,27600,BANANAS,4946,8,4945,24,,,4952,24,,,,,4949,146.25
-1,27600,PEARLS,9998,5,9995,24,,,10005,24,,,,,10001.5,-116
-1,27700,BANANAS,4946,24,,,,,4953,24,,,,,4949.5,69.9375
-1,27700,PEARLS,9995,24,,,,,10005,24,,,,,10000,-116
-1,27800,PEARLS,9998,9,9996,2,9995,26,10004,2,10005,26,,,10001,-116
-1,27800,BANANAS,4952,1,4948,9,4947,28,4953,28,,,,,4952.5,-71.125
-1,27900,PEARLS,9996,2,9995,27,,,10002,4,10004,2,10005,27,9999,-116
-1,27900,BANANAS,4947,2,4946,27,,,4951,3,4953,29,,,4949,-40.125
-1,28000,BANANAS,4947,2,4946,28,,,4953,28,,,,,4950,88.1875
-1,28000,PEARLS,9998,2,9995,28,,,10005,28,,,,,10001.5,-116
-1,28100,PEARLS,9996,2,9995,24,,,10004,2,10005,24,,,10000,-116
-1,28100,BANANAS,4945,26,,,,,4952,26,,,,,4948.5,140.875
-1,28200,PEARLS,9996,1,9995,25,,,9998,2,10004,1,10005,25,9997,-116
-1,28200,BANANAS,4946,26,,,,,4952,1,4953,25,,,4949,72.6875
-1,28300,PEARLS,9996,1,9995,23,,,10004,1,10005,23,,,10000,-120
-1,28300,BANANAS,4946,24,,,,,4953,24,,,,,4949.5,27.0625
-1,28400,BANANAS,4947,24,,,,,4953,25,,,,,4950,-78.5625
-1,28400,PEARLS,9996,2,9995,23,,,10004,2,10005,23,,,10000,-120
-1,28500,PEARLS,9998,10,9995,23,,,10005,23,,,,,10001.5,-120
-1,28500,BANANAS,4948,10,4947,23,,,4954,23,,,,,4951,-141.4375
-1,28600,PEARLS,10002,1,9996,2,9995,21,10004,2,10005,21,,,10003,-120
-1,28600,BANANAS,4948,23,,,,,4954,2,4955,21,,,4951,-270.5625
-1,28700,PEARLS,9995,30,,,,,10005,30,,,,,10000,-120
-1,28700,BANANAS,4948,30,,,,,4955,30,,,,,4951.5,-347.6875
-1,28800,BANANAS,4948,27,,,,,4955,27,,,,,4951.5,-394.25
-1,28800,PEARLS,9995,27,,,,,10005,27,,,,,10000,-120
-1,28900,PEARLS,9998,7,9996,1,9995,21,10004,1,10005,21,,,10001,-120
-1,28900,BANANAS,4950,7,4949,22,,,4956,22,,,,,4953,-533.6875
-1,29000,PEARLS,9995,24,,,,,10005,24,,,,,10000,-120
-1,29000,BANANAS,4949,24,,,,,4950,1,4956,24,,,4949.5,-566.9375
-1,29100,BANANAS,4950,28,,,,,4956,28,,,,,4953,-590.75
-1,29100,PEARLS,9996,2,9995,26,,,10004,2,10005,26,,,10000,-80
-1,29200,BANANAS,4955,1,4950,31,,,4957,31,,,,,4956,-671.375
-1,29200,PEARLS,9996,1,9995,30,,,10004,1,10005,30,,,10000,-80
-1,29300,BANANAS,4950,32,,,,,4954,3,4956,32,,,4952,-590.3125
-1,29300,PEARLS,9996,2,9995,30,,,10002,3,10004,2,10005,30,9999,-80
-1,29400,PEARLS,10002,1,9996,1,9995,25,10004,1,10005,25,,,10003,-78
-1,29400,BANANAS,4952,2,4950,1,4949,25,4956,26,,,,,4954,-559.125
-1,29500,BANANAS,4949,29,,,,,4956,29,,,,,4952.5,-524.9375
-1,29500,PEARLS,9996,2,9995,27,,,10004,2,10005,27,,,10000,-78
-1,29600,BANANAS,4950,2,4949,28,,,4956,30,,,,,4953,-553
-1,29600,PEARLS,9996,2,9995,28,,,10004,2,10005,28,,,10000,-78
-1,29700,BANANAS,4949,25,,,,,4954,4,4956,26,,,4951.5,-575.6875
-1,29700,PEARLS,9996,1,9995,25,,,10002,4,10004,1,10005,25,9999,-78
-1,29800,PEARLS,9998,6,9996,1,9995,30,10004,1,10005,30,,,10001,-78
-1,29800,BANANAS,4950,6,4949,31,,,4956,31,,,,,4953,-474.1875
-1,29900,BANANAS,4949,21,,,,,4956,21,,,,,4952.5,-564.0625
-1,29900,PEARLS,9995,21,,,,,10005,21,,,,,10000,-78
-1,30000,BANANAS,4951,4,4950,31,,,4956,1,4957,30,,,4953.5,-608.75
-1,30000,PEARLS,9998,3,9996,1,9995,30,10004,1,10005,30,,,10001,-80
-1,30100,BANANAS,4949,30,,,,,4955,2,4956,28,,,4952,-442.0625
-1,30100,PEARLS,9996,2,9995,28,,,10004,2,10005,28,,,10000,-86
-1,30200,PEARLS,9996,2,9995,20,,,10004,2,10005,20,,,10000,-86
-1,30200,BANANAS,4949,22,,,,,4956,22,,,,,4952.5,-480.25
-1,30300,BANANAS,4949,2,4948,29,,,4953,8,4955,31,,,4951,-412.8125
-1,30300,PEARLS,9996,2,9995,29,,,10002,9,10004,2,10005,29,9999,-86
-1,30400,BANANAS,4948,31,,,,,4953,8,4955,31,,,4950.5,-328.6875
-1,30400,PEARLS,10000,5,9996,2,9995,29,10002,8,10004,2,10005,29,10001,-86
-1,30500,BANANAS,4949,5,4948,22,,,4954,2,4955,20,,,4951.5,-261.125
-1,30500,PEARLS,9998,5,9996,2,9995,20,10004,2,10005,20,,,10001,-86
-1,30600,PEARLS,9996,2,9995,20,,,10002,4,10004,2,10005,20,9999,-86
-1,30600,BANANAS,4949,1,4948,20,,,4953,4,4955,22,,,4951,-402
-1,30700,BANANAS,4948,30,,,,,4949,9,4955,30,,,4948.5,-350.1875
-1,30700,PEARLS,9995,30,,,,,10005,30,,,,,10000,-84
-1,30800,BANANAS,4949,1,4948,30,,,4955,31,,,,,4952,-405.0625
-1,30800,PEARLS,9996,1,9995,30,,,10004,1,10005,30,,,10000,-84
-1,30900,BANANAS,4949,30,,,,,4953,6,4955,30,,,4951,-426.5
-1,30900,PEARLS,9996,2,9995,28,,,10002,6,10004,2,10005,28,9999,-84
-1,31000,PEARLS,10000,4,9996,1,9995,22,10004,1,10005,22,,,10002,-84
-1,31000,BANANAS,4950,23,,,,,4956,23,,,,,4953,-601.9375
-1,31100,BANANAS,4950,29,,,,,4956,2,4957,27,,,4953,-628.1875
-1,31100,PEARLS,9996,2,9995,27,,,10004,2,10005,27,,,10000,-84
-1,31200,BANANAS,4950,2,4949,29,,,4954,6,4956,31,,,4952,-589.375
-1,31200,PEARLS,9996,2,9995,29,,,10002,6,10004,2,10005,29,9999,-84
-1,31300,BANANAS,4950,24,,,,,4957,24,,,,,4953.5,-660.125
-1,31300,PEARLS,9996,1,9995,23,,,10004,1,10005,23,,,10000,-84
-1,31400,PEARLS,9995,26,,,,,9998,1,10005,26,,,9996.5,-84
-1,31400,BANANAS,4950,26,,,,,4957,26,,,,,4953.5,-776.1875
-1,31500,BANANAS,4951,30,,,,,4958,30,,,,,4954.5,-790.625
-1,31500,PEARLS,9995,30,,,,,10005,30,,,,,10000,-84
-1,31600,BANANAS,4956,1,4951,27,,,4958,27,,,,,4957,-865.5
-1,31600,PEARLS,9995,27,,,,,10005,27,,,,,10000,-84
-1,31700,BANANAS,4951,24,,,,,4957,2,4958,22,,,4954,-800
-1,31700,PEARLS,9996,2,9995,22,,,10004,2,10005,22,,,10000,-84
-1,31800,PEARLS,10000,6,9996,1,9995,25,10004,1,10005,25,,,10002,-84
-1,31800,BANANAS,4950,26,,,,,4957,26,,,,,4953.5,-710
-1,31900,BANANAS,4952,3,4951,28,,,4958,28,,,,,4955,-788.625
-1,31900,PEARLS,9998,3,9995,28,,,10005,28,,,,,10001.5,-84
-1,32000,BANANAS,4951,25,,,,,4957,1,4958,24,,,4954,-789.1875
-1,32000,PEARLS,9996,1,9995,24,,,10004,1,10005,24,,,10000,-74
-1,32100,BANANAS,4951,29,,,,,4957,1,4958,28,,,4954,-831.9375
-1,32100,PEARLS,9996,1,9995,28,,,10004,1,10005,28,,,10000,-74
-1,32200,BANANAS,4951,28,,,,,4957,1,4958,27,,,4954,-794.375
-1,32200,PEARLS,9996,1,9995,27,,,10004,1,10005,27,,,10000,-74
-1,32300,PEARLS,9995,25,,,,,10005,25,,,,,10000,-74
-1,32300,BANANAS,4950,25,,,,,4957,25,,,,,4953.5,-730
-1,32400,PEARLS,9996,1,9995,30,,,10004,1,10005,30,,,10000,-74
-1,32400,BANANAS,4950,31,,,,,4951,1,4957,31,,,4950.5,-700
-1,32500,BANANAS,4950,22,,,,,4957,22,,,,,4953.5,-673.5
-1,32500,PEARLS,9998,1,9996,1,9995,21,10004,1,10005,21,,,10001,-74
-1,32600,PEARLS,10002,1,9995,30,,,10005,30,,,,,10003.5,-74
-1,32600,BANANAS,4950,30,,,,,4957,30,,,,,4953.5,-652.1875
-1,32700,PEARLS,9996,2,9995,22,,,10004,2,10005,22,,,10000,-62
-1,32700,BANANAS,4950,24,,,,,4956,2,4957,22,,,4953,-614.5625
-1,32800,PEARLS,9996,2,9995,28,,,10004,2,10005,28,,,10000,-62
-1,32800,BANANAS,4950,2,4949,28,,,4956,30,,,,,4953,-561.9375
-1,32900,BANANAS,4950,29,,,,,4956,29,,,,,4953,-575.1875
-1,32900,PEARLS,9996,2,9995,27,,,10004,2,10005,27,,,10000,-70
-1,33000,PEARLS,9996,2,9995,28,,,10004,2,10005,28,,,10000,-58
-1,33000,BANANAS,4949,30,,,,,4954,5,4956,30,,,4951.5,-503.125
-1,33100,PEARLS,9996,1,9995,28,,,10004,1,10005,28,,,10000,-58
-1,33100,BANANAS,4948,29,,,,,4949,1,4955,29,,,4948.5,-308.1875
-1,33200,PEARLS,9996,1,9995,20,,,10002,7,10004,1,10005,20,9999,-58
-1,33200,BANANAS,4948,21,,,,,4949,1,4953,7,4955,21,4948.5,-314.875
-1,33300,BANANAS,4949,21,,,,,4955,1,4956,20,,,4952,-415.8125
-1,33300,PEARLS,9996,1,9995,20,,,10004,1,10005,20,,,10000,-58
-1,33400,PEARLS,9996,2,9995,30,,,10002,3,10004,2,10005,30,9999,-58
-1,33400,BANANAS,4949,32,,,,,4954,2,4956,32,,,4951.5,-486
-1,33500,PEARLS,9996,1,9995,20,,,10004,1,10005,20,,,10000,-58
-1,33500,BANANAS,4950,1,4949,20,,,4956,21,,,,,4953,-543.9375
-1,33600,PEARLS,10002,6,9995,27,,,10005,27,,,,,10003.5,-54
-1,33600,BANANAS,4949,27,,,,,4956,27,,,,,4952.5,-503.1875
-1,33700,PEARLS,9996,1,9995,27,,,10002,1,10004,1,10005,27,9999,-42
-1,33700,BANANAS,4949,28,,,,,4954,1,4955,1,4956,27,4951.5,-421.5625
-1,33800,BANANAS,4948,26,,,,,4949,7,4955,26,,,4948.5,-302.1875
-1,33800,PEARLS,9996,1,9995,25,,,10004,1,10005,25,,,10000,-42
-1,33900,PEARLS,9995,24,,,,,10005,24,,,,,10000,-42
-1,33900,BANANAS,4948,24,,,,,4955,24,,,,,4951.5,-316.9375
-1,34000,PEARLS,10002,1,9995,30,,,10005,30,,,,,10003.5,-42
-1,34000,BANANAS,4951,4,4948,30,,,4955,30,,,,,4953,-307.0625
-1,34100,PEARLS,9996,1,9995,22,,,10004,1,10005,22,,,10000,-42
-1,34100,BANANAS,4949,1,4948,22,,,4955,23,,,,,4952,-383.5
-1,34200,BANANAS,4949,23,,,,,4956,23,,,,,4952.5,-501.25
-1,34200,PEARLS,9995,23,,,,,10005,23,,,,,10000,-54
-1,34300,PEARLS,10002,1,9996,1,9995,22,10004,1,10005,22,,,10003,-54
-1,34300,BANANAS,4949,23,,,,,4955,23,,,,,4952,-398.25
-1,34400,PEARLS,9996,2,9995,23,,,10004,2,10005,23,,,10000,-52
-1,34400,BANANAS,4949,2,4948,23,,,4955,25,,,,,4952,-369.75
-1,34500,PEARLS,9995,30,,,,,10005,30,,,,,10000,-52
-1,34500,BANANAS,4948,30,,,,,4955,30,,,,,4951.5,-308.75
-1,34600,BANANAS,4953,1,4948,29,,,4955,29,,,,,4954,-337.125
-1,34600,PEARLS,9995,29,,,,,10005,29,,,,,10000,-52
-1,34700,PEARLS,9998,6,9995,24,,,10005,24,,,,,10001.5,-52
-1,34700,BANANAS,4949,6,4948,24,,,4955,24,,,,,4952,-372.3125
-1,34800,PEARLS,9996,2,9995,23,,,10004,2,10005,23,,,10000,-52
-1,34800,BANANAS,4949,2,4948,23,,,4955,25,,,,,4952,-358.375
-1,34900,PEARLS,9996,1,9995,20,,,10004,1,10005,20,,,10000,-52
-1,34900,BANANAS,4949,21,,,,,4955,1,4956,20,,,4952,-415.5625
-1,35000,BANANAS,4954,1,4948,20,,,4955,20,,,,,4954.5,-356.25
-1,35000,PEARLS,10002,1,9995,20,,,10005,20,,,,,10003.5,-52
-1,35100,PEARLS,10002,3,9996,2,9995,29,10004,2,10005,29,,,10003,-50
-1,35100,BANANAS,4949,31,,,,,4956,31,,,,,4952.5,-471.9375
-1,35200,PEARLS,9996,2,9995,28,,,10002,10,10004,2,10005,28,9999,-44
-1,35200,BANANAS,4949,30,,,,,4954,10,4956,30,,,4951.5,-548.6875
-1,35300,PEARLS,9998,6,9996,1,9995,27,10004,1,10005,27,,,10001,-44
-1,35300,BANANAS,4955,1,4951,6,4950,28,4956,1,4957,27,,,4955.5,-649.4375
-1,35400,BANANAS,4956,1,4950,25,,,4957,25,,,,,4956.5,-747.0625
-1,35400,PEARLS,10002,3,9995,25,,,10005,25,,,,,10003.5,-44
-1,35500,PEARLS,9996,2,9995,26,,,10004,2,10005,26,,,10000,-38
-1,35500,BANANAS,4950,28,,,,,4957,28,,,,,4953.5,-746.8125
-1,35600,PEARLS,9995,26,,,,,10005,26,,,,,10000,-38
-1,35600,BANANAS,4954,13,4949,26,,,4956,26,,,,,4955,-561.625
-1,35700,PEARLS,9996,2,9995,27,,,10004,2,10005,27,,,10000,-38
-1,35700,BANANAS,4950,29,,,,,4957,29,,,,,4953.5,-746.375
-1,35800,BANANAS,4951,7,4950,31,,,4956,1,4957,30,,,4953.5,-640.0625
-1,35800,PEARLS,9998,7,9996,1,9995,30,10004,1,10005,30,,,10001,-38
-1,35900,PEARLS,9996,2,9995,21,,,10004,2,10005,21,,,10000,-38
-1,35900,BANANAS,4950,2,4949,21,,,4952,5,4956,23,,,4951,-595.5
-1,36000,PEARLS,9995,30,,,,,10002,5,10005,30,,,9998.5,-38
-1,36000,BANANAS,4950,30,,,,,4955,2,4957,30,,,4952.5,-718.875
-1,36100,PEARLS,10002,8,9996,2,9995,24,10004,2,10005,24,,,10003,-36
-1,36100,BANANAS,4950,26,,,,,4955,1,4957,26,,,4952.5,-732.9375
-1,36200,BANANAS,4950,30,,,,,4957,30,,,,,4953.5,-746.4375
-1,36200,PEARLS,9996,1,9995,29,,,9998,1,10004,1,10005,29,9997,-36
-1,36300,PEARLS,9996,1,9995,21,,,10004,1,10005,21,,,10000,-38
-1,36300,BANANAS,4951,22,,,,,4957,1,4958,21,,,4954,-816.375
-1,36400,PEARLS,9998,1,9996,1,9995,20,10004,1,10005,20,,,10001,-38
-1,36400,BANANAS,4955,1,4951,1,4950,21,4957,21,,,,,4956,-649.25
-1,36500,BANANAS,4950,25,,,,,4957,25,,,,,4953.5,-718
-1,36500,PEARLS,9995,25,,,,,10005,25,,,,,10000,-38
-1,36600,BANANAS,4950,29,,,,,4956,1,4957,28,,,4953,-568.375
-1,36600,PEARLS,9996,1,9995,28,,,10004,1,10005,28,,,10000,-38
-1,36700,BANANAS,4949,21,,,,,4956,21,,,,,4952.5,-535.625
-1,36700,PEARLS,9995,21,,,,,10005,21,,,,,10000,-38
-1,36800,PEARLS,9995,30,,,,,10005,30,,,,,10000,-38
-1,36800,BANANAS,4950,30,,,,,4957,30,,,,,4953.5,-662.75
-1,36900,PEARLS,9996,1,9995,26,,,10004,1,10005,26,,,10000,-38
-1,36900,BANANAS,4950,27,,,,,4957,27,,,,,4953.5,-698.75
-1,37000,BANANAS,4951,2,4950,23,,,4957,25,,,,,4954,-729.5
-1,37000,PEARLS,9996,2,9995,23,,,10004,2,10005,23,,,10000,-38
-1,37100,PEARLS,9996,2,9995,21,,,10004,2,10005,21,,,10000,-38
-1,37100,BANANAS,4950,23,,,,,4957,23,,,,,4953.5,-622.75
-1,37200,PEARLS,9996,1,9995,20,,,10004,1,10005,20,,,10000,-38
-1,37200,BANANAS,4950,21,,,,,4957,21,,,,,4953.5,-642.375
-1,37300,PEARLS,9996,1,9995,27,,,9998,10,10002,4,10004,1,9997,-38
-1,37300,BANANAS,4950,27,,,,,4955,4,4956,1,4957,27,4952.5,-583.375
-1,37400,BANANAS,4950,2,4949,30,,,4956,30,,,,,4953,-524.75
-1,37400,PEARLS,10002,1,9998,2,9995,30,10005,30,,,,,10003.5,-38
-1,37500,PEARLS,9996,2,9995,25,,,10004,2,10005,25,,,10000,-38
-1,37500,BANANAS,4950,27,,,,,4957,27,,,,,4953.5,-627.25
-1,37600,PEARLS,9995,22,,,,,10002,7,10005,22,,,9998.5,-42
-1,37600,BANANAS,4950,22,,,,,4955,7,4957,22,,,4952.5,-621.875
-1,37700,PEARLS,9996,1,9995,23,,,10004,1,10005,23,,,10000,-42
-1,37700,BANANAS,4950,24,,,,,4957,24,,,,,4953.5,-659.5
-1,37800,BANANAS,4950,24,,,,,4957,25,,,,,4953.5,-624.875
-1,37800,PEARLS,9995,25,,,,,10005,25,,,,,10000,-42
-1,37900,BANANAS,4950,25,,,,,4952,2,4953,5,4957,25,4951,-711
-1,37900,PEARLS,9995,25,,,,,10005,25,,,,,10000,-42
-1,38000,PEARLS,10002,1,9996,2,9995,30,10004,2,10005,30,,,10003,-42
-1,38000,BANANAS,4950,32,,,,,4956,32,,,,,4953,-567.25
-1,38100,BANANAS,4949,28,,,,,4950,11,4954,2,4956,28,4949.5,-454.75
-1,38100,PEARLS,9996,2,9995,26,,,10002,2,10004,2,10005,26,9999,-42
-1,38200,BANANAS,4949,28,,,,,4956,28,,,,,4952.5,-432.625
-1,38200,PEARLS,9996,1,9995,27,,,10004,1,10005,27,,,10000,-42
-1,38300,BANANAS,4949,5,4948,26,,,4955,26,,,,,4952,-286.625
-1,38300,PEARLS,9998,5,9995,26,,,10005,26,,,,,10001.5,-42
-1,38400,PEARLS,9996,1,9995,23,,,10000,6,10004,1,10005,23,9998,-42
-1,38400,BANANAS,4949,1,4948,23,,,4955,24,,,,,4952,-304.5
-1,38500,BANANAS,4949,21,,,,,4956,21,,,,,4952.5,-343.875
-1,38500,PEARLS,10002,1,9995,21,,,10005,21,,,,,10003.5,-42
-1,38600,BANANAS,4949,2,4948,28,,,4955,30,,,,,4952,-324.875
-1,38600,PEARLS,9996,2,9995,28,,,10004,2,10005,28,,,10000,-40
-1,38700,BANANAS,4949,20,,,,,4956,20,,,,,4952.5,-355.5
-1,38700,PEARLS,9995,20,,,,,10005,20,,,,,10000,-44
-1,38800,PEARLS,9996,1,9995,20,,,10002,1,10004,1,10005,20,9999,-44
-1,38800,BANANAS,4949,21,,,,,4954,1,4955,1,4956,20,4951.5,-360.5
-1,38900,BANANAS,4950,32,,,,,4956,2,4957,30,,,4953,-575.25
-1,38900,PEARLS,9996,2,9995,30,,,10004,2,10005,30,,,10000,-48
-1,39000,BANANAS,4950,23,,,,,4955,9,4957,23,,,4952.5,-628.625
-1,39000,PEARLS,9995,23,,,,,10002,9,10005,23,,,9998.5,-48
-1,39100,BANANAS,4950,8,4949,25,,,4956,25,,,,,4953,-484.5
-1,39100,PEARLS,9998,8,9996,1,9995,24,10004,1,10005,24,,,10001,-48
-1,39200,PEARLS,9996,1,9995,29,,,10004,1,10005,29,,,10000,-50
-1,39200,BANANAS,4955,1,4950,2,4949,29,4956,30,,,,,4955.5,-550.75
-1,39300,BANANAS,4949,27,,,,,4956,27,,,,,4952.5,-410.625
-1,39300,PEARLS,9995,27,,,,,10005,27,,,,,10000,-50
-1,39400,BANANAS,4950,1,4949,30,,,4956,31,,,,,4953,-530.375
-1,39400,PEARLS,9996,1,9995,30,,,10004,1,10005,30,,,10000,-50
-1,39500,BANANAS,4950,27,,,,,4955,2,4957,27,,,4952.5,-673.5
-1,39500,PEARLS,9995,27,,,,,9998,1,10002,2,10005,27,9996.5,-46
-1,39600,PEARLS,9995,23,,,,,10005,23,,,,,10000,-48
-1,39600,BANANAS,4949,23,,,,,4956,23,,,,,4952.5,-530.625
-1,39700,BANANAS,4950,2,4949,22,,,4956,24,,,,,4953,-520.75
-1,39700,PEARLS,9996,2,9995,22,,,10004,2,10005,22,,,10000,-48
-1,39800,BANANAS,4949,28,,,,,4956,28,,,,,4952.5,-462.625
-1,39800,PEARLS,9996,1,9995,27,,,10004,1,10005,27,,,10000,-48
-1,39900,BANANAS,4949,31,,,,,4954,4,4956,31,,,4951.5,-417.75
-1,39900,PEARLS,9996,1,9995,30,,,10002,4,10004,1,10005,30,9999,-48
-1,40000,PEARLS,9995,22,,,,,10005,22,,,,,10000,-48
-1,40000,BANANAS,4952,3,4949,22,,,4956,22,,,,,4954,-345.375
-1,40100,BANANAS,4949,31,,,,,4954,8,4956,31,,,4951.5,-397.5
-1,40100,PEARLS,9996,2,9995,29,,,10002,8,10004,2,10005,29,9999,-48
-1,40200,BANANAS,4949,29,,,,,4956,29,,,,,4952.5,-420.875
-1,40200,PEARLS,9996,1,9995,28,,,10004,1,10005,28,,,10000,-48
-1,40300,BANANAS,4949,22,,,,,4956,22,,,,,4952.5,-351.25
-1,40300,PEARLS,9995,22,,,,,9998,1,10005,22,,,9996.5,-48
-1,40400,PEARLS,9996,1,9995,23,,,10004,1,10005,23,,,10000,-48
-1,40400,BANANAS,4948,24,,,,,4954,1,4955,23,,,4951,-128.25
-1,40500,BANANAS,4948,28,,,,,4954,2,4955,27,,,4951,-117
-1,40500,PEARLS,10002,1,9996,2,9995,27,10004,2,10005,27,,,10003,-48
-1,40600,BANANAS,4948,2,4947,24,,,4954,26,,,,,4951,-47
-1,40600,PEARLS,9996,2,9995,24,,,10004,2,10005,24,,,10000,-48
-1,40700,BANANAS,4949,7,4948,22,,,4955,22,,,,,4952,-201
-1,40700,PEARLS,9998,7,9996,2,9995,20,10004,2,10005,20,,,10001,-48
-1,40800,PEARLS,9995,27,,,,,10005,27,,,,,10000,-48
-1,40800,BANANAS,4948,27,,,,,4955,27,,,,,4951.5,-187.875
-1,40900,PEARLS,9998,10,9996,2,9995,26,10004,2,10005,26,,,10001,-48
-1,40900,BANANAS,4949,10,4948,28,,,4955,28,,,,,4952,-232.625
-1,41000,BANANAS,4948,20,,,,,4953,10,4955,21,,,4950.5,-144.75
-1,41000,PEARLS,9995,21,,,,,10002,10,10005,21,,,9998.5,-4
-1,41100,BANANAS,4947,26,,,,,4954,27,,,,,4950.5,89.25
-1,41100,PEARLS,9995,27,,,,,10005,27,,,,,10000,-4
-1,41200,BANANAS,4947,29,,,,,4954,29,,,,,4950.5,111.75
-1,41200,PEARLS,9995,29,,,,,10005,29,,,,,10000,-4
-1,41300,PEARLS,9998,2,9996,1,9995,24,10004,1,10005,24,,,10001,-4
-1,41300,BANANAS,4947,2,4946,25,,,4953,25,,,,,4950,292.5
-1,41400,PEARLS,9998,5,9996,2,9995,23,10000,4,10004,2,10005,23,9999,-4
-1,41400,BANANAS,4948,5,4947,25,,,4953,2,4954,23,,,4950.5,176.75
-1,41500,BANANAS,4948,8,4947,22,,,4953,2,4954,20,,,4950.5,135.375
-1,41500,PEARLS,9998,8,9996,2,9995,20,10004,2,10005,20,,,10001,-4
-1,41600,PEARLS,9996,1,9995,22,,,10004,1,10005,22,,,10000,-4
-1,41600,BANANAS,4948,1,4947,22,,,4954,23,,,,,4951,-40.25
-1,41700,PEARLS,10000,5,9995,21,,,10005,21,,,,,10002.5,-4
-1,41700,BANANAS,4947,21,,,,,4948,1,4954,21,,,4947.5,6.625
-1,41800,PEARLS,9996,2,9995,22,,,10004,2,10005,22,,,10000,-4
-1,41800,BANANAS,4947,24,,,,,4954,24,,,,,4950.5,24.625
-1,41900,BANANAS,4953,1,4948,22,,,4955,22,,,,,4954,-151.875
-1,41900,PEARLS,9996,1,9995,21,,,9998,4,10004,1,10005,21,9997,-4
-1,42000,PEARLS,9996,2,9995,30,,,10004,2,10005,30,,,10000,-4
-1,42000,BANANAS,4948,32,,,,,4949,1,4955,32,,,4948.5,-200.75
-1,42100,PEARLS,9998,8,9996,2,9995,21,10004,2,10005,21,,,10001,-4
-1,42100,BANANAS,4949,8,4948,23,,,4955,23,,,,,4952,-215
-1,42200,PEARLS,10002,1,9995,28,,,10005,28,,,,,10003.5,-4
-1,42200,BANANAS,4948,28,,,,,4955,28,,,,,4951.5,-234.5
-1,42300,BANANAS,4948,20,,,,,4955,20,,,,,4951.5,-183.375
-1,42300,PEARLS,9995,20,,,,,10005,20,,,,,10000,-4
-1,42400,BANANAS,4948,30,,,,,4954,2,4955,29,,,4951,-89.5
-1,42400,PEARLS,9996,2,9995,29,,,10004,2,10005,29,,,10000,-4
-1,42500,PEARLS,9995,24,,,,,10002,3,10005,24,,,9998.5,-4
-1,42500,BANANAS,4948,24,,,,,4953,3,4955,24,,,4950.5,-81.25
-1,42600,PEARLS,9995,26,,,,,10005,26,,,,,10000,4
-1,42600,BANANAS,4947,26,,,,,4954,26,,,,,4950.5,-24.875
-1,42700,PEARLS,9995,26,,,,,10005,26,,,,,10000,-6
-1,42700,BANANAS,4947,26,,,,,4954,26,,,,,4950.5,88.875
-1,42800,BANANAS,4947,30,,,,,4954,30,,,,,4950.5,157.875
-1,42800,PEARLS,9995,30,,,,,10005,30,,,,,10000,-6
-1,42900,PEARLS,9995,25,,,,,10005,25,,,,,10000,-6
-1,42900,BANANAS,4946,25,,,,,4953,25,,,,,4949.5,220
-1,43000,PEARLS,9995,23,,,,,10005,23,,,,,10000,4
-1,43000,BANANAS,4946,23,,,,,4953,23,,,,,4949.5,376.125
-1,43100,PEARLS,9995,21,,,,,10005,21,,,,,10000,4
-1,43100,BANANAS,4946,21,,,,,4953,21,,,,,4949.5,389.125
-1,43200,BANANAS,4946,21,,,,,4953,21,,,,,4949.5,311.25
-1,43200,PEARLS,9996,1,9995,20,,,10004,1,10005,20,,,10000,4
-1,43300,PEARLS,9996,1,9995,24,,,10004,1,10005,24,,,10000,4
-1,43300,BANANAS,4946,25,,,,,4952,1,4953,24,,,4949,411.625
-1,43400,PEARLS,9996,2,9995,22,,,10004,2,10005,22,,,10000,4
-1,43400,BANANAS,4946,24,,,,,4952,2,4953,22,,,4949,386.875
-1,43500,PEARLS,9998,7,9995,23,,,10005,23,,,,,10001.5,4
-1,43500,BANANAS,4947,6,4946,23,,,4953,23,,,,,4950,437.5
-1,43600,BANANAS,4946,2,4945,21,,,4950,9,4952,23,,,4948,522.875
-1,43600,PEARLS,9996,2,9995,21,,,10002,9,10004,2,10005,21,9999,4
-1,43700,PEARLS,9996,1,9995,23,,,10004,1,10005,23,,,10000,4
-1,43700,BANANAS,4946,1,4945,23,,,4952,24,,,,,4949,517.125
-1,43800,PEARLS,9996,2,9995,26,,,10004,2,10005,26,,,10000,4
-1,43800,BANANAS,4945,28,,,,,4951,2,4952,26,,,4948,685.5
-1,43900,PEARLS,10002,4,9998,2,9996,1,10004,1,10005,29,,,10003,4
-1,43900,BANANAS,4946,2,4945,30,,,4951,1,4952,29,,,4948.5,651.75
-1,44000,BANANAS,4945,22,,,,,4951,22,,,,,4948,708.375
-1,44000,PEARLS,9996,2,9995,20,,,10004,2,10005,20,,,10000,12
-1,44100,PEARLS,9995,24,,,,,9998,1,10002,2,10005,24,9996.5,12
-1,44100,BANANAS,4944,24,,,,,4949,2,4951,24,,,4946.5,763.75
-1,44200,PEARLS,9995,21,,,,,10005,21,,,,,10000,12
-1,44200,BANANAS,4944,21,,,,,4951,21,,,,,4947.5,763.125
-1,44300,PEARLS,9995,27,,,,,10005,27,,,,,10000,12
-1,44300,BANANAS,4945,27,,,,,4952,27,,,,,4948.5,595.25
-1,44400,BANANAS,4946,7,4945,28,,,4952,28,,,,,4949,619.875
-1,44400,PEARLS,9998,7,9995,28,,,10005,28,,,,,10001.5,12
-1,44500,PEARLS,9995,21,,,,,10005,21,,,,,10000,12
-1,44500,BANANAS,4951,1,4945,21,,,4952,21,,,,,4951.5,566.75
-1,44600,PEARLS,9996,1,9995,23,,,10004,1,10005,23,,,10000,12
-1,44600,BANANAS,4945,24,,,,,4952,24,,,,,4948.5,633
-1,44700,PEARLS,9995,29,,,,,10002,10,10005,29,,,9998.5,12
-1,44700,BANANAS,4944,29,,,,,4949,10,4951,29,,,4946.5,748.75
-1,44800,BANANAS,4944,29,,,,,4949,10,4951,29,,,4946.5,778.125
-1,44800,PEARLS,9995,29,,,,,9998,1,10002,10,10005,29,9996.5,12
-1,44900,PEARLS,9996,1,9995,25,,,10004,1,10005,25,,,10000,10
-1,44900,BANANAS,4945,26,,,,,4951,1,4952,25,,,4948,704.625
-1,45000,PEARLS,10002,1,9996,2,9995,24,10004,2,10005,24,,,10003,10
-1,45000,BANANAS,4945,26,,,,,4951,2,4952,24,,,4948,668
-1,45100,PEARLS,9996,1,9995,26,,,10004,1,10005,26,,,10000,12
-1,45100,BANANAS,4945,27,,,,,4951,1,4952,26,,,4948,694.375
-1,45200,BANANAS,4945,29,,,,,4952,29,,,,,4948.5,552.625
-1,45200,PEARLS,9996,1,9995,28,,,10004,1,10005,28,,,10000,12
-1,45300,BANANAS,4945,22,,,,,4952,22,,,,,4948.5,553.125
-1,45300,PEARLS,9995,22,,,,,10005,22,,,,,10000,12
-1,45400,PEARLS,9996,2,9995,21,,,9998,1,10004,2,10005,21,9997,12
-1,45400,BANANAS,4946,22,,,,,4952,2,4953,21,,,4949,388.875
-1,45500,BANANAS,4946,1,4945,24,,,4952,25,,,,,4949,469.5
-1,45500,PEARLS,9996,1,9995,24,,,10000,3,10004,1,10005,24,9998,12
-1,45600,BANANAS,4945,26,,,,,4950,5,4952,26,,,4947.5,464.125
-1,45600,PEARLS,9995,26,,,,,10002,5,10005,26,,,9998.5,12
-1,45700,PEARLS,9995,24,,,,,10005,24,,,,,10000,12
-1,45700,BANANAS,4945,24,,,,,4952,24,,,,,4948.5,499.625
-1,45800,PEARLS,9996,1,9995,27,,,10004,1,10005,27,,,10000,12
-1,45800,BANANAS,4945,27,,,,,4952,28,,,,,4948.5,526.25
-1,45900,PEARLS,9996,1,9995,30,,,10004,1,10005,30,,,10000,12
-1,45900,BANANAS,4946,1,4945,30,,,4952,31,,,,,4949,486.5
-1,46000,BANANAS,4946,26,,,,,4952,2,4953,24,,,4949,456
-1,46000,PEARLS,9996,2,9995,24,,,10004,2,10005,24,,,10000,20
-1,46100,PEARLS,9998,6,9996,2,9995,23,10004,2,10005,23,,,10001,20
-1,46100,BANANAS,4946,6,4945,25,,,4952,25,,,,,4949,543.875
-1,46200,PEARLS,9998,2,9996,1,9995,27,10004,1,10005,27,,,10001,20
-1,46200,BANANAS,4946,2,4945,28,,,4948,6,4951,1,4952,27,4947,698.75
-1,46300,PEARLS,9996,2,9995,27,,,10004,2,10005,27,,,10000,20
-1,46300,BANANAS,4945,2,4944,27,,,4951,29,,,,,4948,774.375
-1,46400,BANANAS,4944,22,,,,,4951,22,,,,,4947.5,838.25
-1,46400,PEARLS,9995,22,,,,,10005,22,,,,,10000,20
-1,46500,PEARLS,10000,6,9996,1,9995,30,10004,1,10005,30,,,10002,20
-1,46500,BANANAS,4944,31,,,,,4951,31,,,,,4947.5,856.25
-1,46600,PEARLS,9998,10,9996,1,9995,27,10004,1,10005,27,,,10001,20
-1,46600,BANANAS,4945,10,4944,28,,,4951,28,,,,,4948,836.125
-1,46700,PEARLS,9995,26,,,,,10005,26,,,,,10000,16
-1,46700,BANANAS,4944,26,,,,,4951,26,,,,,4947.5,870.125
-1,46800,BANANAS,4945,1,4944,21,,,4951,22,,,,,4948,776.875
-1,46800,PEARLS,9996,1,9995,21,,,10004,1,10005,21,,,10000,16
-1,46900,BANANAS,4950,1,4944,32,,,4951,32,,,,,4950.5,827.125
-1,46900,PEARLS,9996,2,9995,30,,,10004,2,10005,30,,,10000,16
-1,47000,PEARLS,9996,1,9995,20,,,10004,1,10005,20,,,10000,16
-1,47000,BANANAS,4944,21,,,,,4950,1,4951,20,,,4947,1007
-1,47100,BANANAS,4944,26,,,,,4951,26,,,,,4947.5,865.125
-1,47100,PEARLS,9996,2,9995,24,,,9998,1,10004,2,10005,24,9997,16
-1,47200,BANANAS,4945,2,4944,28,,,4951,30,,,,,4948,781.25
-1,47200,PEARLS,10002,1,9996,2,9995,28,10004,2,10005,28,,,10003,14
-1,47300,BANANAS,4945,3,4944,25,,,4951,25,,,,,4948,820.875
-1,47300,PEARLS,10002,1,9998,3,9995,25,10005,25,,,,,10003.5,14
-1,47400,PEARLS,9995,24,,,,,10002,9,10005,24,,,9998.5,14
-1,47400,BANANAS,4945,24,,,,,4950,9,4952,24,,,4947.5,719.75
-1,47500,BANANAS,4944,30,,,,,4948,5,4950,30,,,4946,1038.125
-1,47500,PEARLS,9995,30,,,,,10002,1,10005,30,,,9998.5,22
-1,47600,BANANAS,4944,1,4943,27,,,4950,28,,,,,4947,1091.5
-1,47600,PEARLS,9996,1,9995,27,,,10004,1,10005,27,,,10000,22
-1,47700,BANANAS,4943,23,,,,,4948,8,4949,1,4950,22,4945.5,1298.5
-1,47700,PEARLS,9996,1,9995,22,,,10002,8,10004,1,10005,22,9999,22
-1,47800,PEARLS,9996,1,9995,22,,,10002,8,10004,1,10005,22,9999,22
-1,47800,BANANAS,4943,23,,,,,4948,8,4949,1,4950,22,4945.5,1296.375
-1,47900,BANANAS,4943,27,,,,,4949,27,,,,,4946,1327.375
-1,47900,PEARLS,10002,1,9995,27,,,10005,27,,,,,10003.5,22
-1,48000,BANANAS,4942,27,,,,,4949,27,,,,,4945.5,1343.375
-1,48000,PEARLS,9995,27,,,,,10005,27,,,,,10000,22
-1,48100,BANANAS,4942,21,,,,,4947,9,4949,21,,,4944.5,1357
-1,48100,PEARLS,9995,21,,,,,10002,9,10005,21,,,9998.5,22
-1,48200,PEARLS,9998,5,9995,25,,,10005,25,,,,,10001.5,12
-1,48200,BANANAS,4943,5,4942,25,,,4944,1,4949,25,,,4943.5,1414
-1,48300,BANANAS,4947,2,4942,29,,,4949,29,,,,,4948,1445.5
-1,48300,PEARLS,9996,1,9995,28,,,9998,1,10000,5,10004,1,9997,12
-1,48400,BANANAS,4942,27,,,,,4947,7,4949,27,,,4944.5,1559.875
-1,48400,PEARLS,9995,27,,,,,10002,7,10005,27,,,9998.5,12
-1,48500,BANANAS,4942,29,,,,,4949,29,,,,,4945.5,1554.375
-1,48500,PEARLS,9995,29,,,,,9998,1,10005,29,,,9996.5,12
-1,48600,PEARLS,9996,1,9995,28,,,10004,1,10005,28,,,10000,12
-1,48600,BANANAS,4942,28,,,,,4943,4,4948,1,4949,28,4942.5,1553.75
-1,48700,BANANAS,4941,23,,,,,4948,23,,,,,4944.5,1683.875
-1,48700,PEARLS,9996,1,9995,22,,,10004,1,10005,22,,,10000,8
-1,48800,BANANAS,4942,24,,,,,4949,24,,,,,4945.5,1536.375
-1,48800,PEARLS,9996,1,9995,23,,,10004,1,10005,23,,,10000,8
-1,48900,BANANAS,4941,27,,,,,4948,27,,,,,4944.5,1701.625
-1,48900,PEARLS,9995,27,,,,,10005,27,,,,,10000,8
-1,49000,PEARLS,9996,2,9995,30,,,10004,2,10005,30,,,10000,8
-1,49000,BANANAS,4941,32,,,,,4942,1,4948,32,,,4941.5,1776.625
-1,49100,BANANAS,4941,32,,,,,4947,2,4948,30,,,4944,1943.25
-1,49100,PEARLS,9996,2,9995,30,,,10004,2,10005,30,,,10000,8
-1,49200,BANANAS,4940,21,,,,,4946,1,4947,20,,,4943,2231.5
-1,49200,PEARLS,9996,1,9995,20,,,10004,1,10005,20,,,10000,8
-1,49300,BANANAS,4941,8,4940,22,,,4946,22,,,,,4943.5,2268.875
-1,49300,PEARLS,9998,9,9996,1,9995,21,10004,1,10005,21,,,10001,8
-1,49400,PEARLS,9995,20,,,,,10005,20,,,,,10000,8
-1,49400,BANANAS,4940,20,,,,,4947,20,,,,,4943.5,2128.625
-1,49500,BANANAS,4941,2,4940,30,,,4947,32,,,,,4944,1990.75
-1,49500,PEARLS,9996,2,9995,30,,,10004,2,10005,30,,,10000,8
-1,49600,BANANAS,4946,1,4940,24,,,4947,24,,,,,4946.5,2042.25
-1,49600,PEARLS,9995,24,,,,,10005,24,,,,,10000,8
-1,49700,BANANAS,4942,7,4941,28,,,4947,2,4948,26,,,4944.5,1894.5
-1,49700,PEARLS,9998,7,9996,2,9995,26,10004,2,10005,26,,,10001,8
-1,49800,BANANAS,4941,25,,,,,4948,25,,,,,4944.5,1872.875
-1,49800,PEARLS,9996,2,9995,23,,,10004,2,10005,23,,,10000,8
-1,49900,PEARLS,9998,3,9995,23,,,10005,23,,,,,10001.5,-4
-1,49900,BANANAS,4942,9,4941,23,,,4948,23,,,,,4945,1915.625
-1,50000,BANANAS,4940,21,,,,,4947,21,,,,,4943.5,2115.875
-1,50000,PEARLS,9996,1,9995,20,,,10004,1,10005,20,,,10000,6
-1,50100,BANANAS,4941,24,,,,,4948,24,,,,,4944.5,1958
-1,50100,PEARLS,9995,24,,,,,10005,24,,,,,10000,6
-1,50200,PEARLS,9995,24,,,,,10005,24,,,,,10000,6
-1,50200,BANANAS,4941,24,,,,,4948,24,,,,,4944.5,1755.5
-1,50300,PEARLS,9995,30,,,,,10002,10,10005,30,,,9998.5,6
-1,50300,BANANAS,4941,30,,,,,4946,10,4948,30,,,4943.5,1680
-1,50400,PEARLS,9998,4,9996,1,9995,22,10000,2,10004,1,10005,22,9999,4
-1,50400,BANANAS,4942,6,4941,22,,,4948,23,,,,,4945,1747.375
-1,50500,BANANAS,4942,2,4941,23,,,4948,25,,,,,4945,1677.875
-1,50500,PEARLS,9996,2,9995,23,,,10004,2,10005,23,,,10000,4
-1,50600,PEARLS,10002,1,9996,2,9995,21,10004,2,10005,21,,,10003,4
-1,50600,BANANAS,4942,23,,,,,4948,2,4949,21,,,4945,1644.625
-1,50700,PEARLS,9996,2,9995,22,,,10004,2,10005,22,,,10000,6
-1,50700,BANANAS,4942,2,4941,22,,,4944,2,4948,24,,,4943,1686
-1,50800,PEARLS,10002,5,9996,2,9995,22,10004,2,10005,22,,,10003,6
-1,50800,BANANAS,4947,1,4942,2,4941,22,4948,24,,,,,4947.5,1708.25
-1,50900,BANANAS,4941,28,,,,,4948,28,,,,,4944.5,1778.75
-1,50900,PEARLS,9996,1,9995,27,,,10004,1,10005,27,,,10000,6
-1,51000,PEARLS,9996,2,9995,26,,,10004,2,10005,26,,,10000,6
-1,51000,BANANAS,4942,2,4941,26,,,4948,28,,,,,4945,1672.625
-1,51100,PEARLS,9998,6,9996,1,9995,25,10004,1,10005,25,,,10001,6
-1,51100,BANANAS,4942,6,4941,26,,,4948,26,,,,,4945,1787.875
-1,51200,PEARLS,9996,2,9995,28,,,10004,2,10005,28,,,10000,6
-1,51200,BANANAS,4941,2,4940,28,,,4947,30,,,,,4944,2037.75
-1,51300,PEARLS,9996,1,9995,24,,,10004,1,10005,24,,,10000,6
-1,51300,BANANAS,4941,25,,,,,4942,12,4947,25,,,4941.5,1975.625
-1,51400,BANANAS,4941,30,,,,,4946,3,4948,30,,,4943.5,1938.125
-1,51400,PEARLS,9995,30,,,,,10002,3,10005,30,,,9998.5,6
-1,51500,PEARLS,9995,30,,,,,10005,30,,,,,10000,6
-1,51500,BANANAS,4946,1,4941,30,,,4948,30,,,,,4947,1821.875
-1,51600,PEARLS,10000,5,9996,2,9995,22,10002,1,10004,2,10005,22,10001,6
-1,51600,BANANAS,4945,5,4941,24,,,4946,1,4947,2,4948,22,4945.5,1887.875
-1,51700,PEARLS,9995,20,,,,,10005,20,,,,,10000,10
-1,51700,BANANAS,4941,20,,,,,4948,20,,,,,4944.5,1862.875
-1,51800,BANANAS,4942,1,4941,24,,,4948,25,,,,,4945,1704.5
-1,51800,PEARLS,9996,1,9995,24,,,10004,1,10005,24,,,10000,-45
-1,51900,PEARLS,9996,1,9995,23,,,10004,1,10005,23,,,10000,-45
-1,51900,BANANAS,4941,24,,,,,4948,24,,,,,4944.5,1774.625
-1,52000,PEARLS,9998,3,9995,29,,,10005,29,,,,,10001.5,-49
-1,52000,BANANAS,4942,3,4941,29,,,4948,29,,,,,4945,1924.5
-1,52100,PEARLS,9995,21,,,,,10005,21,,,,,10000,-49
-1,52100,BANANAS,4940,21,,,,,4947,21,,,,,4943.5,2019.125
-1,52200,BANANAS,4941,31,,,,,4942,2,4947,2,4948,29,4941.5,1860.75
-1,52200,PEARLS,9996,2,9995,29,,,10004,2,10005,29,,,10000,-89
-1,52300,PEARLS,10002,1,9996,1,9995,27,10004,1,10005,27,,,10003,-89
-1,52300,BANANAS,4946,1,4941,1,4940,27,4947,28,,,,,4946.5,1977.875
-1,52400,PEARLS,9998,3,9996,1,9995,29,10004,1,10005,29,,,10001,-87
-1,52400,BANANAS,4941,4,4940,29,,,4947,30,,,,,4944,1982.5
-1,52500,PEARLS,9996,1,9995,27,,,9998,1,10004,1,10005,27,9997,-87
-1,52500,BANANAS,4946,1,4941,1,4940,27,4947,28,,,,,4946.5,1995
-1,52600,BANANAS,4942,1,4941,23,,,4947,1,4948,22,,,4944.5,1914.625
-1,52600,PEARLS,9998,1,9996,1,9995,22,10000,4,10004,1,10005,22,9999,-87
-1,52700,PEARLS,9996,2,9995,25,,,10004,2,10005,25,,,10000,-87
-1,52700,BANANAS,4941,26,,,,,4947,2,4948,25,,,4944,1860.5
-1,52800,PEARLS,9995,26,,,,,10005,26,,,,,10000,-87
-1,52800,BANANAS,4941,26,,,,,4948,26,,,,,4944.5,1763.875
-1,52900,PEARLS,9995,30,,,,,10005,30,,,,,10000,-87
-1,52900,BANANAS,4941,30,,,,,4948,30,,,,,4944.5,1898.5
-1,53000,BANANAS,4942,1,4941,20,,,4948,21,,,,,4945,1647.875
-1,53000,PEARLS,10002,1,9996,1,9995,20,10004,1,10005,20,,,10003,-57
-1,53100,PEARLS,9995,24,,,,,10005,24,,,,,10000,-57
-1,53100,BANANAS,4943,24,,,,,4950,24,,,,,4946.5,1070
-1,53200,PEARLS,9996,1,9995,30,,,10004,1,10005,30,,,10000,-57
-1,53200,BANANAS,4948,1,4943,31,,,4950,31,,,,,4949,1035.625
-1,53300,PEARLS,9995,29,,,,,10005,29,,,,,10000,-57
-1,53300,BANANAS,4943,29,,,,,4950,29,,,,,4946.5,1064
-1,53400,BANANAS,4943,6,4942,25,,,4949,25,,,,,4946,1280.125
-1,53400,PEARLS,9998,6,9996,2,9995,23,10004,2,10005,23,,,10001,-57
-1,53500,PEARLS,9996,2,9995,21,,,10002,1,10004,2,10005,21,9999,-57
-1,53500,BANANAS,4943,23,,,,,4948,1,4949,2,4950,21,4945.5,1119.75
-1,53600,PEARLS,9995,24,,,,,9998,9,10005,24,,,9996.5,-57
-1,53600,BANANAS,4942,24,,,,,4949,24,,,,,4945.5,1262.375
-1,53700,PEARLS,9998,1,9995,30,,,10005,30,,,,,10001.5,-57
-1,53700,BANANAS,4944,1,4943,30,,,4950,30,,,,,4947,1120.125
-1,53800,BANANAS,4943,30,,,,,4950,30,,,,,4946.5,883
-1,53800,PEARLS,10002,3,9995,30,,,10005,30,,,,,10003.5,-57
-1,53900,PEARLS,9996,2,9995,25,,,10004,2,10005,25,,,10000,-57
-1,53900,BANANAS,4947,1,4944,27,,,4950,2,4951,25,,,4948.5,718.125
-1,54000,PEARLS,9998,6,9996,1,9995,30,10004,1,10005,30,,,10001,-49
-1,54000,BANANAS,4945,7,4944,30,,,4951,31,,,,,4948,479.75
-1,54100,PEARLS,9998,2,9996,2,9995,22,10004,2,10005,22,,,10001,-49
-1,54100,BANANAS,4945,2,4944,24,,,4951,24,,,,,4948,664.25
-1,54200,BANANAS,4943,28,,,,,4944,8,4950,28,,,4943.5,911
-1,54200,PEARLS,9995,28,,,,,10005,28,,,,,10000,-51
-1,54300,BANANAS,4949,1,4944,25,,,4950,2,4951,23,,,4949.5,672.125
-1,54300,PEARLS,9996,2,9995,23,,,10004,2,10005,23,,,10000,-51
-1,54400,PEARLS,9995,29,,,,,10005,29,,,,,10000,-39
-1,54400,BANANAS,4944,29,,,,,4951,29,,,,,4947.5,650.375
-1,54500,BANANAS,4944,21,,,,,4951,21,,,,,4947.5,595.625
-1,54500,PEARLS,9996,1,9995,20,,,10004,1,10005,20,,,10000,-39
-1,54600,BANANAS,4944,27,,,,,4951,27,,,,,4947.5,721
-1,54600,PEARLS,10002,3,9995,27,,,10005,27,,,,,10003.5,-39
-1,54700,PEARLS,9996,2,9995,27,,,10004,2,10005,27,,,10000,-33
-1,54700,BANANAS,4944,2,4943,27,,,4950,29,,,,,4947,854
-1,54800,PEARLS,9998,8,9995,27,,,10005,27,,,,,10001.5,-33
-1,54800,BANANAS,4944,8,4943,27,,,4950,27,,,,,4947,1009.375
-1,54900,PEARLS,9996,1,9995,28,,,10002,3,10004,1,10005,28,9999,-33
-1,54900,BANANAS,4943,1,4942,28,,,4947,3,4949,29,,,4945,1272.25
-1,55000,BANANAS,4943,29,,,,,4948,8,4949,30,,,4945.5,1153.75
-1,55000,PEARLS,9996,2,9995,28,,,10002,8,10004,2,10005,28,9999,-33
-1,55100,PEARLS,9995,29,,,,,10005,29,,,,,10000,-33
-1,55100,BANANAS,4943,29,,,,,4950,29,,,,,4946.5,1003.375
-1,55200,PEARLS,9996,2,9995,21,,,10004,2,10005,21,,,10000,-23
-1,55200,BANANAS,4943,23,,,,,4950,23,,,,,4946.5,978.75
-1,55300,PEARLS,9996,2,9995,27,,,9998,1,10002,2,10004,2,9997,-23
-1,55300,BANANAS,4944,2,4943,27,,,4948,2,4950,29,,,4946,844
-1,55400,BANANAS,4948,3,4944,4,4943,21,4950,22,,,,,4949,908
-1,55400,PEARLS,9998,3,9996,1,9995,21,10004,1,10005,21,,,10001,-23
-1,55500,PEARLS,9995,25,,,,,10002,9,10005,25,,,9998.5,-23
-1,55500,BANANAS,4946,6,4943,25,,,4947,8,4949,25,,,4946.5,1218.5
-1,55600,PEARLS,9995,26,,,,,10005,26,,,,,10000,-23
-1,55600,BANANAS,4942,26,,,,,4949,26,,,,,4945.5,1355.75
-1,55700,BANANAS,4943,23,,,,,4949,2,4950,21,,,4946,1170.5
-1,55700,PEARLS,9996,2,9995,21,,,10004,2,10005,21,,,10000,-23
-1,55800,BANANAS,4944,6,4943,27,,,4950,27,,,,,4947,1012.625
-1,55800,PEARLS,9998,6,9996,1,9995,26,10004,1,10005,26,,,10001,-27
-1,55900,BANANAS,4943,22,,,,,4950,22,,,,,4946.5,1095.5
-1,55900,PEARLS,9995,22,,,,,10005,22,,,,,10000,-27
-1,56000,PEARLS,9996,2,9995,22,,,10002,10,10004,2,10005,22,9999,-27
-1,56000,BANANAS,4943,24,,,,,4948,10,4950,24,,,4945.5,1094.375
-1,56100,BANANAS,4943,22,,,,,4950,22,,,,,4946.5,939.625
-1,56100,PEARLS,9996,2,9995,20,,,10004,2,10005,20,,,10000,-27
-1,56200,BANANAS,4943,30,,,,,4950,30,,,,,4946.5,932.625
-1,56200,PEARLS,9996,1,9995,29,,,10004,1,10005,29,,,10000,-27
-1,56300,BANANAS,4943,27,,,,,4950,27,,,,,4946.5,1071.125
-1,56300,PEARLS,10002,1,9996,2,9995,25,10004,2,10005,25,,,10003,-27
-1,56400,PEARLS,9996,1,9995,30,,,10004,1,10005,30,,,10000,-27
-1,56400,BANANAS,4943,31,,,,,4949,1,4950,30,,,4946,1179.375
-1,56500,BANANAS,4943,29,,,,,4949,2,4950,27,,,4946,1131.875
-1,56500,PEARLS,9996,2,9995,27,,,10004,2,10005,27,,,10000,-27
-1,56600,BANANAS,4943,31,,,,,4947,4,4949,31,,,4945,1229.625
-1,56600,PEARLS,9996,2,9995,29,,,10002,4,10004,2,10005,29,9999,-27
-1,56700,BANANAS,4944,3,4943,26,,,4949,2,4950,24,,,4946.5,1131.875
-1,56700,PEARLS,9998,3,9996,2,9995,24,10000,2,10004,2,10005,24,9999,-27
-1,56800,PEARLS,10002,1,9998,10,9996,2,10004,2,10005,22,,,10003,-27
-1,56800,BANANAS,4944,10,4943,24,,,4949,2,4950,22,,,4946.5,1179.75
-1,56900,BANANAS,4943,22,,,,,4949,2,4950,20,,,4946,1121
-1,56900,PEARLS,9996,2,9995,20,,,10004,2,10005,20,,,10000,-27
-1,57000,BANANAS,4943,28,,,,,4949,28,,,,,4946,1211.5
-1,57000,PEARLS,9996,1,9995,27,,,10004,1,10005,27,,,10000,-27
-1,57100,BANANAS,4943,27,,,,,4949,2,4950,25,,,4946,1185
-1,57100,PEARLS,9996,2,9995,25,,,10004,2,10005,25,,,10000,-27
-1,57200,PEARLS,10002,2,9996,1,9995,26,10004,1,10005,26,,,10003,-27
-1,57200,BANANAS,4948,1,4943,27,,,4949,1,4950,26,,,4948.5,1112.375
-1,57300,BANANAS,4943,27,,,,,4948,9,4950,27,,,4945.5,1017.5
-1,57300,PEARLS,9996,1,9995,26,,,10002,9,10004,1,10005,26,9999,-23
-1,57400,BANANAS,4943,24,,,,,4950,24,,,,,4946.5,894.75
-1,57400,PEARLS,9995,24,,,,,10005,24,,,,,10000,-23
-1,57500,BANANAS,4945,5,4944,25,,,4951,25,,,,,4948,541.5
-1,57500,PEARLS,9998,5,9996,2,9995,23,10004,2,10005,23,,,10001,-23
-1,57600,PEARLS,9995,24,,,,,10005,24,,,,,10000,-23
-1,57600,BANANAS,4944,24,,,,,4951,24,,,,,4947.5,461.375
-1,57700,BANANAS,4944,29,,,,,4951,29,,,,,4947.5,488.75
-1,57700,PEARLS,9995,29,,,,,10005,29,,,,,10000,-23
-1,57800,BANANAS,4945,4,4944,29,,,4951,31,,,,,4948,446.5
-1,57800,PEARLS,9998,1,9996,2,9995,29,10004,2,10005,29,,,10001,-25
-1,57900,BANANAS,4948,4,4944,27,,,4950,2,4951,25,,,4949,720.625
-1,57900,PEARLS,9996,2,9995,25,,,9998,1,10000,6,10004,2,9997,-25
-1,58000,PEARLS,9996,1,9995,24,,,9998,4,10004,1,10005,24,9997,-27
-1,58000,BANANAS,4944,25,,,,,4950,1,4951,24,,,4947,785.875
-1,58100,BANANAS,4943,23,,,,,4950,23,,,,,4946.5,897.375
-1,58100,PEARLS,9995,23,,,,,10005,23,,,,,10000,-35
-1,58200,BANANAS,4944,31,,,,,4950,1,4951,30,,,4947,734.375
-1,58200,PEARLS,9996,1,9995,30,,,10004,1,10005,30,,,10000,-20
-1,58300,BANANAS,4944,29,,,,,4951,29,,,,,4947.5,702.625
-1,58300,PEARLS,9995,29,,,,,10005,29,,,,,10000,-20
-1,58400,PEARLS,9996,2,9995,21,,,10004,2,10005,21,,,10000,-20
-1,58400,BANANAS,4945,2,4944,21,,,4951,23,,,,,4948,479.25
-1,58500,BANANAS,4945,21,,,,,4949,1,4951,21,,,4947,423.125
-1,58500,PEARLS,9995,21,,,,,10002,1,10005,21,,,9998.5,-20
-1,58600,BANANAS,4944,25,,,,,4951,25,,,,,4947.5,520.25
-1,58600,PEARLS,10002,1,9995,25,,,10005,25,,,,,10003.5,-20
-1,58700,BANANAS,4945,2,4944,30,,,4951,32,,,,,4948,486
-1,58700,PEARLS,9996,2,9995,30,,,10004,2,10005,30,,,10000,-18
-1,58800,BANANAS,4944,29,,,,,4949,1,4951,29,,,4946.5,609.375
-1,58800,PEARLS,9995,29,,,,,10002,1,10005,29,,,9998.5,-18
-1,58900,PEARLS,9996,1,9995,24,,,10004,1,10005,24,,,10000,-78
-1,58900,BANANAS,4944,25,,,,,4951,25,,,,,4947.5,547.125
-1,59000,PEARLS,9996,2,9995,20,,,10004,2,10005,20,,,10000,-78
-1,59000,BANANAS,4945,2,4944,20,,,4951,22,,,,,4948,460.5
-1,59100,BANANAS,4944,27,,,,,4951,27,,,,,4947.5,491.625
-1,59100,PEARLS,9995,27,,,,,10005,27,,,,,10000,-78
-1,59200,PEARLS,9998,4,9996,2,9995,29,10004,2,10005,29,,,10001,-73
-1,59200,BANANAS,4947,3,4945,4,4944,31,4951,31,,,,,4949,584.375
-1,59300,PEARLS,9996,1,9995,26,,,10004,1,10005,26,,,10000,-73
-1,59300,BANANAS,4944,26,,,,,4950,1,4951,26,,,4947,744.25
-1,59400,PEARLS,9996,1,9995,21,,,10004,1,10005,21,,,10000,-73
-1,59400,BANANAS,4944,22,,,,,4951,22,,,,,4947.5,656.25
-1,59500,BANANAS,4944,23,,,,,4950,23,,,,,4947,830.375
-1,59500,PEARLS,10002,5,9995,23,,,10005,23,,,,,10003.5,-73
-1,59600,PEARLS,9996,2,9995,27,,,10004,2,10005,27,,,10000,-73
-1,59600,BANANAS,4944,29,,,,,4951,29,,,,,4947.5,643.375
-1,59700,PEARLS,9995,21,,,,,10005,21,,,,,10000,-73
-1,59700,BANANAS,4944,21,,,,,4951,21,,,,,4947.5,459.375
-1,59800,PEARLS,9996,1,9995,24,,,10004,1,10005,24,,,10000,-73
-1,59800,BANANAS,4945,1,4944,24,,,4951,25,,,,,4948,439.875
-1,59900,BANANAS,4945,24,,,,,4950,6,4951,1,4952,23,4947.5,346.25
-1,59900,PEARLS,9996,1,9995,23,,,10002,6,10004,1,10005,23,9999,-73
-1,60000,PEARLS,9998,3,9995,22,,,10005,22,,,,,10001.5,-73
-1,60000,BANANAS,4946,3,4945,22,,,4952,22,,,,,4949,67
-1,60100,PEARLS,9996,2,9995,25,,,10004,2,10005,25,,,10000,-72
-1,60100,BANANAS,4946,2,4945,25,,,4952,27,,,,,4949,-21.75
-1,60200,PEARLS,9995,25,,,,,10005,25,,,,,10000,-72
-1,60200,BANANAS,4950,3,4945,25,,,4952,25,,,,,4951,-11.5
-1,60300,PEARLS,9996,1,9995,27,,,10004,1,10005,27,,,10000,-112
-1,60300,BANANAS,4945,28,,,,,4952,28,,,,,4948.5,72.75
-1,60400,BANANAS,4946,1,4945,20,,,4952,21,,,,,4949,60
-1,60400,PEARLS,9996,1,9995,20,,,9998,1,10004,1,10005,20,9997,-112
-1,60500,PEARLS,9996,1,9995,23,,,10004,1,10005,23,,,10000,-112
-1,60500,BANANAS,4946,1,4945,23,,,4952,24,,,,,4949,18.75
-1,60600,PEARLS,9996,2,9995,22,,,10004,2,10005,22,,,10000,-112
-1,60600,BANANAS,4946,2,4945,22,,,4952,24,,,,,4949,7.5
-1,60700,PEARLS,9995,22,,,,,10005,22,,,,,10000,-112
-1,60700,BANANAS,4951,1,4950,2,4946,22,4953,22,,,,,4952,-89.75
-1,60800,BANANAS,4945,31,,,,,4952,32,,,,,4948.5,223.75
-1,60800,PEARLS,10002,10,9996,2,9995,30,10004,2,10005,30,,,10003,-112
-1,60900,PEARLS,9996,2,9995,29,,,10004,2,10005,29,,,10000,-112
-1,60900,BANANAS,4945,2,4944,29,,,4951,31,,,,,4948,423.75
-1,61000,PEARLS,9995,28,,,,,10005,28,,,,,10000,-112
-1,61000,BANANAS,4944,28,,,,,4951,28,,,,,4947.5,635
-1,61100,PEARLS,9995,29,,,,,10005,29,,,,,10000,-112
-1,61100,BANANAS,4944,29,,,,,4947,5,4951,29,,,4945.5,615.5
-1,61200,BANANAS,4945,9,4944,22,,,4950,1,4951,21,,,4947.5,737.5
-1,61200,PEARLS,9998,9,9996,1,9995,21,10000,2,10004,1,10005,21,9999,-112
-1,61300,PEARLS,9996,1,9995,22,,,10004,1,10005,22,,,10000,-112
-1,61300,BANANAS,4944,23,,,,,4950,23,,,,,4947,831.75
-1,61400,PEARLS,9996,1,9995,30,,,10004,1,10005,30,,,10000,-112
-1,61400,BANANAS,4944,31,,,,,4945,11,4951,31,,,4944.5,595.5
-1,61500,PEARLS,9996,2,9995,27,,,10004,2,10005,27,,,10000,-112
-1,61500,BANANAS,4945,29,,,,,4952,29,,,,,4948.5,202.5
-1,61600,BANANAS,4945,30,,,,,4952,30,,,,,4948.5,186.5
-1,61600,PEARLS,9996,2,9995,28,,,10004,2,10005,28,,,10000,-112
-1,61700,PEARLS,9996,1,9995,26,,,10004,1,10005,26,,,10000,-112
-1,61700,BANANAS,4945,26,,,,,4951,1,4952,26,,,4948,313.25
-1,61800,PEARLS,9995,20,,,,,10005,20,,,,,10000,-112
-1,61800,BANANAS,4944,20,,,,,4951,20,,,,,4947.5,473
-1,61900,PEARLS,9995,26,,,,,9998,1,10005,26,,,9996.5,-112
-1,61900,BANANAS,4944,26,,,,,4951,26,,,,,4947.5,452.5
-1,62000,BANANAS,4949,1,4944,20,,,4951,20,,,,,4950,773.5
-1,62000,PEARLS,9995,20,,,,,10005,20,,,,,10000,-114
-1,62100,PEARLS,9996,2,9995,23,,,10004,2,10005,23,,,10000,-114
-1,62100,BANANAS,4944,25,,,,,4950,2,4951,23,,,4947,713.25
-1,62200,PEARLS,9995,25,,,,,10002,3,10005,25,,,9998.5,-106
-1,62200,BANANAS,4943,25,,,,,4948,7,4950,25,,,4945.5,894.5
-1,62300,PEARLS,9995,22,,,,,10005,22,,,,,10000,-106
-1,62300,BANANAS,4944,22,,,,,4951,22,,,,,4947.5,609.75
-1,62400,BANANAS,4944,25,,,,,4950,2,4951,23,,,4947,722.75
-1,62400,PEARLS,9996,2,9995,23,,,10004,2,10005,23,,,10000,-96
-1,62500,PEARLS,9996,1,9995,23,,,10004,1,10005,23,,,10000,-96
-1,62500,BANANAS,4944,24,,,,,4950,1,4951,23,,,4947,760.75
-1,62600,PEARLS,9995,29,,,,,10005,29,,,,,10000,-96
-1,62600,BANANAS,4943,29,,,,,4950,29,,,,,4946.5,942.75
-1,62700,PEARLS,9996,2,9995,24,,,10004,2,10005,24,,,10000,-96
-1,62700,BANANAS,4944,26,,,,,4950,2,4951,24,,,4947,779.5
-1,62800,BANANAS,4943,26,,,,,4944,1,4950,26,,,4943.5,1032
-1,62800,PEARLS,9995,26,,,,,10005,26,,,,,10000,-96
-1,62900,PEARLS,9996,2,9995,27,,,9998,4,10004,2,10005,27,9997,-96
-1,62900,BANANAS,4943,29,,,,,4950,29,,,,,4946.5,1025.75
-1,63000,PEARLS,9995,29,,,,,10005,29,,,,,10000,-104
-1,63000,BANANAS,4948,1,4943,29,,,4950,29,,,,,4949,1094.5
-1,63100,BANANAS,4943,25,,,,,4950,26,,,,,4946.5,1102.5
-1,63100,PEARLS,9996,2,9995,24,,,10004,2,10005,24,,,10000,-104
-1,63200,BANANAS,4943,28,,,,,4950,28,,,,,4946.5,1119.25
-1,63200,PEARLS,9995,28,,,,,10005,28,,,,,10000,-104
-1,63300,BANANAS,4943,32,,,,,4950,32,,,,,4946.5,1132.25
-1,63300,PEARLS,9996,2,9995,30,,,10004,2,10005,30,,,10000,-104
-1,63400,PEARLS,9996,2,9995,24,,,10004,2,10005,24,,,10000,-104
-1,63400,BANANAS,4943,26,,,,,4950,26,,,,,4946.5,1061.5
-1,63500,PEARLS,9998,8,9995,20,,,10005,20,,,,,10001.5,-104
-1,63500,BANANAS,4944,8,4943,20,,,4950,20,,,,,4947,1041.75
-1,63600,BANANAS,4948,1,4943,21,,,4950,21,,,,,4949,1061
-1,63600,PEARLS,9995,21,,,,,10005,21,,,,,10000,-104
-1,63700,PEARLS,9996,2,9995,28,,,10002,6,10004,2,10005,28,9999,-104
-1,63700,BANANAS,4943,30,,,,,4948,6,4949,2,4950,28,4945.5,1180
-1,63800,PEARLS,9996,1,9995,21,,,10004,1,10005,21,,,10000,-104
-1,63800,BANANAS,4942,21,,,,,4949,22,,,,,4945.5,1369.25
-1,63900,PEARLS,9995,21,,,,,10005,21,,,,,10000,-104
-1,63900,BANANAS,4942,21,,,,,4949,21,,,,,4945.5,1599
-1,64000,BANANAS,4943,6,4942,30,,,4949,30,,,,,4946,1756.75
-1,64000,PEARLS,9998,6,9995,30,,,10005,30,,,,,10001.5,-164
-1,64100,PEARLS,9995,27,,,,,10002,6,10005,27,,,9998.5,-166
-1,64100,BANANAS,4941,27,,,,,4946,6,4948,27,,,4943.5,2115.75
-1,64200,PEARLS,9996,1,9995,24,,,10004,1,10005,24,,,10000,-166
-1,64200,BANANAS,4941,25,,,,,4948,25,,,,,4944.5,2168.75
-1,64300,PEARLS,9998,7,9996,1,9995,22,10004,1,10005,22,,,10001,-178
-1,64300,BANANAS,4945,5,4942,7,4941,23,4947,1,4948,22,,,4946,2262.5
-1,64400,BANANAS,4941,10,4940,27,,,4947,29,,,,,4944,2326.25
-1,64400,PEARLS,9998,8,9996,2,9995,27,10004,2,10005,27,,,10001,-178
-1,64500,PEARLS,9998,5,9996,2,9995,27,10004,2,10005,27,,,10001,-188
-1,64500,BANANAS,4942,6,4941,29,,,4947,2,4948,27,,,4944.5,2254.75
-1,64600,PEARLS,9995,26,,,,,10005,26,,,,,10000,-188
-1,64600,BANANAS,4941,26,,,,,4948,26,,,,,4944.5,2118.25
-1,64700,BANANAS,4941,28,,,,,4948,28,,,,,4944.5,2241
-1,64700,PEARLS,9995,28,,,,,10005,28,,,,,10000,-188
-1,64800,BANANAS,4941,2,4940,30,,,4947,32,,,,,4944,2353
-1,64800,PEARLS,9996,2,9995,30,,,10004,2,10005,30,,,10000,-188
-1,64900,BANANAS,4940,31,,,,,4947,31,,,,,4943.5,2478.25
-1,64900,PEARLS,9996,2,9995,29,,,10004,2,10005,29,,,10000,-188
-1,65000,PEARLS,9995,25,,,,,9998,1,10005,25,,,9996.5,-188
-1,65000,BANANAS,4941,25,,,,,4948,25,,,,,4944.5,2262.5
-1,65100,BANANAS,4941,25,,,,,4947,25,,,,,4944,2315.75
-1,65100,PEARLS,9996,2,9995,23,,,10004,2,10005,23,,,10000,-190
-1,65200,BANANAS,4945,1,4941,8,4940,29,4947,29,,,,,4946,2552.5
-1,65200,PEARLS,9998,8,9995,29,,,10005,29,,,,,10001.5,-202
-1,65300,BANANAS,4940,21,,,,,4945,3,4947,21,,,4942.5,2685.5
-1,65300,PEARLS,9995,21,,,,,10002,3,10005,21,,,9998.5,-202
-1,65400,PEARLS,9996,2,9995,26,,,10000,3,10004,2,10005,26,9998,-198
-1,65400,BANANAS,4945,2,4940,28,,,4947,28,,,,,4946,2478
-1,65500,BANANAS,4941,2,4940,27,,,4947,29,,,,,4944,2389
-1,65500,PEARLS,9996,2,9995,27,,,10004,2,10005,27,,,10000,-198
-1,65600,BANANAS,4941,5,4940,20,,,4947,20,,,,,4944,2380
-1,65600,PEARLS,9998,5,9995,20,,,10005,20,,,,,10001.5,-198
-1,65700,BANANAS,4940,29,,,,,4947,29,,,,,4943.5,2337
-1,65700,PEARLS,9995,29,,,,,10005,29,,,,,10000,-198
-1,65800,PEARLS,9998,9,9995,20,,,10005,20,,,,,10001.5,-198
-1,65800,BANANAS,4941,9,4940,20,,,4947,20,,,,,4944,2591.25
-1,65900,BANANAS,4940,24,,,,,4946,1,4947,23,,,4943,2723
-1,65900,PEARLS,9996,1,9995,23,,,10004,1,10005,23,,,10000,-198
-1,66000,BANANAS,4941,7,4940,22,,,4947,24,,,,,4944,2424.5
-1,66000,PEARLS,9998,4,9996,2,9995,22,10004,2,10005,22,,,10001,-200
-1,66100,BANANAS,4940,27,,,,,4947,27,,,,,4943.5,2582.5
-1,66100,PEARLS,9996,1,9995,26,,,9998,1,10004,1,10005,26,9997,-200
-1,66200,PEARLS,10002,1,10000,5,9995,20,10005,20,,,,,10003.5,-200
-1,66200,BANANAS,4940,20,,,,,4947,20,,,,,4943.5,2597.5
-1,66300,BANANAS,4946,1,4941,1,4940,24,4947,25,,,,,4946.5,2448.25
-1,66300,PEARLS,9996,1,9995,24,,,10004,1,10005,24,,,10000,-200
-1,66400,BANANAS,4940,21,,,,,4947,21,,,,,4943.5,2620.75
-1,66400,PEARLS,9995,21,,,,,9998,3,10005,21,,,9996.5,-200
-1,66500,BANANAS,4940,22,,,,,4947,22,,,,,4943.5,2543.5
-1,66500,PEARLS,9996,2,9995,20,,,10004,2,10005,20,,,10000,-200
-1,66600,PEARLS,9995,22,,,,,10005,22,,,,,10000,-200
-1,66600,BANANAS,4939,22,,,,,4946,22,,,,,4942.5,2971.25
-1,66700,BANANAS,4940,9,4939,27,,,4946,27,,,,,4943,3064.5
-1,66700,PEARLS,9998,9,9995,27,,,10005,27,,,,,10001.5,-200
-1,66800,BANANAS,4939,30,,,,,4946,30,,,,,4942.5,3263
-1,66800,PEARLS,9995,30,,,,,10005,30,,,,,10000,-200
-1,66900,BANANAS,4944,1,4943,11,4939,4,4945,23,,,,,4944.5,3479
-1,66900,PEARLS,9998,4,9995,23,,,10005,23,,,,,10001.5,-200
-1,67000,PEARLS,9996,1,9995,24,,,10004,1,10005,24,,,10000,-200
-1,67000,BANANAS,4938,25,,,,,4941,6,4944,1,4945,24,4939.5,3677.25
-1,67100,BANANAS,4938,23,,,,,4945,23,,,,,4941.5,3785.75
-1,67100,PEARLS,9995,23,,,,,10005,23,,,,,10000,-200
-1,67200,BANANAS,4937,21,,,,,4942,3,4943,22,,,4939.5,4291.25
-1,67200,PEARLS,9996,2,9995,20,,,10002,3,10004,2,10005,20,9999,-200
-1,67300,BANANAS,4938,5,4937,30,,,4944,30,,,,,4941,4151.75
-1,67300,PEARLS,9995,30,,,,,9998,3,10005,30,,,9996.5,-210
-1,67400,PEARLS,9998,4,9996,1,9995,25,10004,1,10005,25,,,10001,-210
-1,67400,BANANAS,4937,5,4936,25,,,4943,26,,,,,4940,4348.25
-1,67500,PEARLS,9995,21,,,,,10005,21,,,,,10000,-210
-1,67500,BANANAS,4937,21,,,,,4938,1,4944,21,,,4937.5,4046.75
-1,67600,BANANAS,4937,27,,,,,4944,27,,,,,4940.5,3998.25
-1,67600,PEARLS,9996,2,9995,25,,,10004,2,10005,25,,,10000,-210
-1,67700,BANANAS,4937,30,,,,,4944,30,,,,,4940.5,3958.5
-1,67700,PEARLS,9996,1,9995,29,,,10004,1,10005,29,,,10000,-210
-1,67800,BANANAS,4939,3,4938,30,,,4945,30,,,,,4942,3729
-1,67800,PEARLS,9998,3,9995,30,,,10005,30,,,,,10001.5,-210
-1,67900,PEARLS,9995,25,,,,,10005,25,,,,,10000,-210
-1,67900,BANANAS,4938,25,,,,,4939,5,4944,25,,,4938.5,3801
-1,68000,PEARLS,9996,2,9995,21,,,10004,2,10005,21,,,10000,-210
-1,68000,BANANAS,4938,23,,,,,4945,23,,,,,4941.5,3621.5
-1,68100,BANANAS,4938,4,4937,29,,,4944,31,,,,,4941,3889.5
-1,68100,PEARLS,9996,2,9995,29,,,10004,2,10005,29,,,10000,-214
-1,68200,PEARLS,9996,2,9995,29,,,10004,2,10005,29,,,10000,-214
-1,68200,BANANAS,4943,1,4938,31,,,4944,2,4945,29,,,4943.5,3746.75
-1,68300,PEARLS,9996,1,9995,28,,,10004,1,10005,28,,,10000,-214
-1,68300,BANANAS,4943,1,4937,29,,,4944,29,,,,,4943.5,3945
-1,68400,PEARLS,9996,2,9995,26,,,10004,2,10005,26,,,10000,-214
-1,68400,BANANAS,4938,2,4937,26,,,4944,28,,,,,4941,3872.25
-1,68500,BANANAS,4938,23,,,,,4943,5,4945,23,,,4940.5,3701.5
-1,68500,PEARLS,9995,23,,,,,10002,5,10005,23,,,9998.5,-214
-1,68600,PEARLS,9996,1,9995,24,,,10004,1,10005,24,,,10000,-214
-1,68600,BANANAS,4938,24,,,,,4945,25,,,,,4941.5,3604.5
-1,68700,PEARLS,9996,1,9995,27,,,10004,1,10005,27,,,10000,-214
-1,68700,BANANAS,4938,28,,,,,4944,1,4945,27,,,4941,3743.25
-1,68800,PEARLS,9995,22,,,,,9998,1,10005,22,,,9996.5,-214
-1,68800,BANANAS,4938,22,,,,,4945,22,,,,,4941.5,3583.25
-1,68900,BANANAS,4943,1,4938,28,,,4944,28,,,,,4943.5,3777.25
-1,68900,PEARLS,9996,1,9995,27,,,10004,1,10005,27,,,10000,-214
-1,69000,BANANAS,4938,30,,,,,4944,2,4945,28,,,4941,3706.75
-1,69000,PEARLS,9996,2,9995,28,,,10004,2,10005,28,,,10000,-214
-1,69100,PEARLS,9998,9,9996,1,9995,30,10004,1,10005,30,,,10001,-214
-1,69100,BANANAS,4939,8,4938,31,,,4944,1,4945,30,,,4941.5,3716.75
-1,69200,PEARLS,9996,2,9995,28,,,10004,2,10005,28,,,10000,-214
-1,69200,BANANAS,4943,1,4938,30,,,4945,30,,,,,4944,3551.75
-1,69300,PEARLS,9995,21,,,,,9998,1,10005,21,,,9996.5,-214
-1,69300,BANANAS,4944,1,4938,21,,,4945,21,,,,,4944.5,3341.5
-1,69400,BANANAS,4939,3,4938,25,,,4945,26,,,,,4942,3358
-1,69400,PEARLS,10002,1,9998,2,9996,1,10004,1,10005,25,,,10003,-216
-1,69500,PEARLS,9998,1,9996,2,9995,24,10004,2,10005,24,,,10001,-216
-1,69500,BANANAS,4939,1,4938,26,,,4945,26,,,,,4942,3539.25
-1,69600,PEARLS,9995,23,,,,,10005,23,,,,,10000,-216
-1,69600,BANANAS,4938,22,,,,,4945,23,,,,,4941.5,3710
-1,69700,PEARLS,10002,1,9996,1,9995,20,10004,1,10005,20,,,10003,-216
-1,69700,BANANAS,4938,1,4937,20,,,4944,21,,,,,4941,3813.25
-1,69800,BANANAS,4938,1,4937,23,,,4944,24,,,,,4941,3896.75
-1,69800,PEARLS,9996,1,9995,23,,,10004,1,10005,23,,,10000,-214
-1,69900,PEARLS,9996,2,9995,27,,,10004,2,10005,27,,,10000,-214
-1,69900,BANANAS,4937,29,,,,,4944,29,,,,,4940.5,3962.75
-1,70000,PEARLS,9996,2,9995,27,,,10004,2,10005,27,,,10000,-214
-1,70000,BANANAS,4937,29,,,,,4944,29,,,,,4940.5,4007.75
-1,70100,PEARLS,9996,2,9995,22,,,10004,2,10005,22,,,10000,-214
-1,70100,BANANAS,4937,23,,,,,4943,2,4944,22,,,4940,4164
-1,70200,BANANAS,4937,1,4936,21,,,4943,22,,,,,4940,4373.5
-1,70200,PEARLS,9996,1,9995,21,,,10004,1,10005,21,,,10000,-214
-1,70300,PEARLS,9996,1,9995,25,,,9998,2,10004,1,10005,25,9997,-218
-1,70300,BANANAS,4937,2,4936,26,,,4942,26,,,,,4939.5,4806.75
-1,70400,PEARLS,9995,26,,,,,10005,26,,,,,10000,-218
-1,70400,BANANAS,4935,26,,,,,4942,26,,,,,4938.5,4929.75
-1,70500,PEARLS,9995,23,,,,,10000,3,10005,23,,,9997.5,-218
-1,70500,BANANAS,4936,23,,,,,4943,23,,,,,4939.5,4657.75
-1,70600,BANANAS,4936,1,4935,27,,,4942,28,,,,,4939,4932.5
-1,70600,PEARLS,9996,1,9995,27,,,10004,1,10005,27,,,10000,-218
-1,70700,PEARLS,9995,26,,,,,10005,26,,,,,10000,-222
-1,70700,BANANAS,4935,26,,,,,4942,26,,,,,4938.5,4984.25
-1,70800,PEARLS,10002,1,9995,27,,,10005,27,,,,,10003.5,-222
-1,70800,BANANAS,4935,26,,,,,4942,27,,,,,4938.5,5145
-1,70900,PEARLS,9996,2,9995,30,,,10004,2,10005,30,,,10000,-222
-1,70900,BANANAS,4935,2,4934,30,,,4941,32,,,,,4938,5467.5
-1,71000,BANANAS,4935,1,4934,29,,,4939,5,4941,30,,,4937,5480.5
-1,71000,PEARLS,9996,1,9995,29,,,10002,5,10004,1,10005,29,9999,-222
-1,71100,PEARLS,9998,9,9996,1,9995,21,10004,1,10005,21,,,10001,-222
-1,71100,BANANAS,4935,9,4934,22,,,4941,22,,,,,4938,5536
-1,71200,PEARLS,10002,1,9996,1,9995,28,10004,1,10005,28,,,10003,-222
-1,71200,BANANAS,4934,28,,,,,4941,29,,,,,4937.5,5452.5
-1,71300,PEARLS,9996,2,9995,26,,,10002,4,10004,2,10005,26,9999,-220
-1,71300,BANANAS,4935,28,,,,,4940,4,4942,28,,,4937.5,5124.25
-1,71400,BANANAS,4935,2,4934,24,,,4939,3,4941,26,,,4937,5402.5
-1,71400,PEARLS,9996,2,9995,24,,,10002,3,10004,2,10005,24,9999,-220
-1,71500,PEARLS,10002,1,9996,2,9995,26,10004,2,10005,26,,,10003,-214
-1,71500,BANANAS,4936,28,,,,,4941,3,4942,2,4943,26,4938.5,4715.25
-1,71600,PEARLS,9996,1,9995,27,,,9998,3,10004,1,10005,27,9997,-214
-1,71600,BANANAS,4936,28,,,,,4943,28,,,,,4939.5,4588.75
-1,71700,PEARLS,9996,2,9995,29,,,10004,2,10005,29,,,10000,-214
-1,71700,BANANAS,4936,31,,,,,4943,31,,,,,4939.5,4512.75
-1,71800,BANANAS,4937,2,4936,25,,,4943,27,,,,,4940,4360
-1,71800,PEARLS,10002,1,9996,2,9995,25,10004,2,10005,25,,,10003,-214
-1,71900,PEARLS,10002,1,9996,1,9995,25,10004,1,10005,25,,,10003,-214
-1,71900,BANANAS,4937,1,4936,25,,,4943,26,,,,,4940,4320.25
-1,72000,PEARLS,9996,1,9995,20,,,10004,1,10005,20,,,10000,-212
-1,72000,BANANAS,4942,1,4937,21,,,4944,21,,,,,4943,4075.75
-1,72100,BANANAS,4937,21,,,,,4940,1,4943,21,,,4938.5,4270.5
-1,72100,PEARLS,9995,21,,,,,10005,21,,,,,10000,-212
-1,72200,BANANAS,4936,31,,,,,4943,31,,,,,4939.5,4585.75
-1,72200,PEARLS,9996,2,9995,29,,,10004,2,10005,29,,,10000,-212
-1,72300,BANANAS,4936,23,,,,,4940,8,4942,23,,,4938,4827.75
-1,72300,PEARLS,9996,1,9995,22,,,10002,8,10004,1,10005,22,9999,-212
-1,72400,PEARLS,10002,1,9996,2,9995,20,10004,2,10005,20,,,10003,-212
-1,72400,BANANAS,4936,2,4935,20,,,4942,22,,,,,4939,4846.75
-1,72500,PEARLS,9996,2,9995,25,,,10004,2,10005,25,,,10000,-210
-1,72500,BANANAS,4936,27,,,,,4942,27,,,,,4939,4825.25
-1,72600,BANANAS,4936,2,4935,27,,,4942,29,,,,,4939,4937.75
-1,72600,PEARLS,9996,2,9995,27,,,10004,2,10005,27,,,10000,-206
-1,72700,PEARLS,9995,23,,,,,10005,23,,,,,10000,-206
-1,72700,BANANAS,4936,23,,,,,4943,23,,,,,4939.5,4667
-1,72800,PEARLS,9995,20,,,,,10005,20,,,,,10000,-206
-1,72800,BANANAS,4936,20,,,,,4943,20,,,,,4939.5,4510.75
-1,72900,PEARLS,9998,1,9996,2,9995,22,10004,2,10005,22,,,10001,-206
-1,72900,BANANAS,4937,3,4936,22,,,4943,24,,,,,4940,4378.75
-1,73000,BANANAS,4937,21,,,,,4942,8,4943,1,4944,21,4939.5,4245.5
-1,73000,PEARLS,9996,1,9995,21,,,10002,7,10004,1,10005,21,9999,-200
-1,73100,PEARLS,9996,2,9995,29,,,10002,3,10004,2,10005,29,9999,-198
-1,73100,BANANAS,4937,31,,,,,4942,4,4943,2,4944,29,4939.5,4174.75
-1,73200,PEARLS,9995,21,,,,,10005,21,,,,,10000,-198
-1,73200,BANANAS,4937,21,,,,,4944,21,,,,,4940.5,3793.75
-1,73300,PEARLS,9996,1,9995,29,,,10004,1,10005,29,,,10000,-198
-1,73300,BANANAS,4940,5,4937,30,,,4944,30,,,,,4942,4021.25
-1,73400,BANANAS,4938,30,,,,,4945,30,,,,,4941.5,3727.5
-1,73400,PEARLS,9995,30,,,,,9998,1,10005,30,,,9996.5,-198
-1,73500,BANANAS,4942,5,4938,25,,,4945,25,,,,,4943.5,3508.25
-1,73500,PEARLS,9996,2,9995,23,,,10004,2,10005,23,,,10000,-198
-1,73600,PEARLS,9996,1,9995,24,,,10004,1,10005,24,,,10000,-198
-1,73600,BANANAS,4938,1,4937,24,,,4944,25,,,,,4941,3887.25
-1,73700,BANANAS,4937,24,,,,,4944,24,,,,,4940.5,3950.75
-1,73700,PEARLS,9995,24,,,,,10005,24,,,,,10000,-198
-1,73800,BANANAS,4937,24,,,,,4944,24,,,,,4940.5,3944.5
-1,73800,PEARLS,9995,24,,,,,10005,24,,,,,10000,-198
-1,73900,BANANAS,4938,30,,,,,4945,30,,,,,4941.5,3678.5
-1,73900,PEARLS,9995,30,,,,,10005,30,,,,,10000,-198
-1,74000,PEARLS,10002,1,9998,10,9996,2,10004,2,10005,24,,,10003,-198
-1,74000,BANANAS,4939,10,4938,26,,,4944,2,4945,24,,,4941.5,3665.75
-1,74100,BANANAS,4938,32,,,,,4944,2,4945,30,,,4941,3652
-1,74100,PEARLS,10000,6,9996,2,9995,30,10004,2,10005,30,,,10002,-196
-1,74200,BANANAS,4938,22,,,,,4943,6,4944,2,4945,20,4940.5,3741.5
-1,74200,PEARLS,9996,2,9995,20,,,10002,6,10004,2,10005,20,9999,-196
-1,74300,BANANAS,4938,31,,,,,4942,6,4944,32,,,4940,3771.75
-1,74300,PEARLS,9996,2,9995,30,,,10002,6,10004,2,10005,30,9999,-196
-1,74400,PEARLS,9995,30,,,,,10005,30,,,,,10000,-196
-1,74400,BANANAS,4938,30,,,,,4945,30,,,,,4941.5,3500.5
-1,74500,BANANAS,4938,29,,,,,4945,29,,,,,4941.5,3571.75
-1,74500,PEARLS,10000,3,9995,29,,,10005,29,,,,,10002.5,-196
-1,74600,BANANAS,4939,7,4938,29,,,4944,29,,,,,4941.5,3764
-1,74600,PEARLS,10002,1,9998,7,9995,29,10005,29,,,,,10003.5,-196
-1,74700,BANANAS,4938,2,4937,30,,,4944,32,,,,,4941,3830
-1,74700,PEARLS,9996,2,9995,30,,,10004,2,10005,30,,,10000,-196
-1,74800,PEARLS,9998,9,9996,1,9995,25,10004,1,10005,25,,,10001,-196
-1,74800,BANANAS,4938,10,4937,25,,,4944,26,,,,,4941,3878
-1,74900,BANANAS,4937,31,,,,,4938,10,4943,1,4944,30,4937.5,4217.5
-1,74900,PEARLS,10002,1,9996,1,9995,30,10004,1,10005,30,,,10003,-196
-1,75000,BANANAS,4942,1,4936,27,,,4943,27,,,,,4942.5,4350
-1,75000,PEARLS,9995,27,,,,,9998,1,10005,27,,,9996.5,-194
-1,75100,BANANAS,4936,30,,,,,4943,30,,,,,4939.5,4346.25
-1,75100,PEARLS,9995,30,,,,,10005,30,,,,,10000,-241
-1,75200,PEARLS,9998,2,9996,2,9995,24,10004,2,10005,24,,,10001,-241
-1,75200,BANANAS,4938,2,4937,26,,,4943,26,,,,,4940.5,4275.25
-1,75300,BANANAS,4937,1,4936,28,,,4938,3,4943,29,,,4937.5,4302.75
-1,75300,PEARLS,9996,1,9995,28,,,10004,1,10005,28,,,10000,-241
-1,75400,BANANAS,4940,4,4937,31,,,4943,1,4944,30,,,4941.5,4120.75
-1,75400,PEARLS,9996,1,9995,30,,,10004,1,10005,30,,,10000,-241
-1,75500,BANANAS,4937,2,4936,28,,,4943,30,,,,,4940,4326.75
-1,75500,PEARLS,9996,2,9995,28,,,10004,2,10005,28,,,10000,-241
-1,75600,PEARLS,10002,1,9996,2,9995,26,10004,2,10005,26,,,10003,-249
-1,75600,BANANAS,4937,28,,,,,4943,28,,,,,4940,4273.5
-1,75700,BANANAS,4937,27,,,,,4943,27,,,,,4940,4248.5
-1,75700,PEARLS,9996,1,9995,26,,,10004,1,10005,26,,,10000,-247
-1,75800,BANANAS,4937,5,4936,30,,,4942,1,4943,29,,,4939.5,4762.75
-1,75800,PEARLS,9998,5,9996,1,9995,29,10004,1,10005,29,,,10001,-247
-1,75900,BANANAS,4936,21,,,,,4941,8,4943,21,,,4938.5,4588.25
-1,75900,PEARLS,9995,21,,,,,10002,8,10005,21,,,9998.5,-247
-1,76000,PEARLS,9998,2,9996,2,9995,30,10004,2,10005,30,,,10001,-247
-1,76000,BANANAS,4937,2,4936,32,,,4943,32,,,,,4940,4529.5
-1,76100,BANANAS,4936,21,,,,,4943,21,,,,,4939.5,4493.25
-1,76100,PEARLS,9996,1,9995,20,,,9998,1,10004,1,10005,20,9997,-247
-1,76200,BANANAS,4937,1,4936,21,,,4943,22,,,,,4940,4356.25
-1,76200,PEARLS,9996,1,9995,21,,,10004,1,10005,21,,,10000,-249
-1,76300,BANANAS,4936,27,,,,,4943,27,,,,,4939.5,4632.75
-1,76300,PEARLS,9995,27,,,,,10005,27,,,,,10000,-249
-1,76400,BANANAS,4936,4,4935,28,,,4942,28,,,,,4939,4982.75
-1,76400,PEARLS,9998,4,9995,28,,,10005,28,,,,,10001.5,-249
-1,76500,PEARLS,9996,1,9995,27,,,10004,1,10005,27,,,10000,-249
-1,76500,BANANAS,4935,28,,,,,4941,1,4942,27,,,4938,5345
-1,76600,BANANAS,4934,30,,,,,4941,30,,,,,4937.5,5533.75
-1,76600,PEARLS,9996,2,9995,28,,,10004,2,10005,28,,,10000,-249
-1,76700,BANANAS,4935,26,,,,,4941,1,4942,25,,,4938,5287.25
-1,76700,PEARLS,9996,1,9995,25,,,10004,1,10005,25,,,10000,-249
-1,76800,PEARLS,9995,25,,,,,10005,25,,,,,10000,-249
-1,76800,BANANAS,4935,25,,,,,4942,25,,,,,4938.5,5137.75
-1,76900,PEARLS,9998,5,9995,24,,,10005,24,,,,,10001.5,-249
-1,76900,BANANAS,4936,5,4935,24,,,4942,24,,,,,4939,5152.25
-1,77000,PEARLS,9996,1,9995,26,,,10002,4,10004,1,10005,26,9999,-249
-1,77000,BANANAS,4935,27,,,,,4940,4,4941,1,4942,26,4937.5,5284.75
-1,77100,BANANAS,4936,9,4935,30,,,4942,30,,,,,4939,5143
-1,77100,PEARLS,10000,3,9998,9,9996,1,10004,1,10005,29,,,10002,-245
-1,77200,PEARLS,9996,1,9995,27,,,10004,1,10005,27,,,10000,-245
-1,77200,BANANAS,4940,1,4935,1,4934,27,4941,28,,,,,4940.5,5508.75
-1,77300,PEARLS,9996,2,9995,22,,,10004,2,10005,22,,,10000,-245
-1,77300,BANANAS,4935,24,,,,,4941,2,4942,22,,,4938,5276.5
-1,77400,PEARLS,9995,30,,,,,10002,2,10005,30,,,9998.5,-245
-1,77400,BANANAS,4934,30,,,,,4939,2,4941,30,,,4936.5,5402.25
-1,77500,BANANAS,4935,30,,,,,4941,2,4942,28,,,4938,5307.5
-1,77500,PEARLS,9996,2,9995,28,,,10004,2,10005,28,,,10000,-245
-1,77600,PEARLS,9996,2,9995,25,,,10004,2,10005,25,,,10000,-245
-1,77600,BANANAS,4935,27,,,,,4941,2,4942,25,,,4938,5340.75
-1,77700,PEARLS,9995,26,,,,,10005,26,,,,,10000,-245
-1,77700,BANANAS,4934,26,,,,,4941,26,,,,,4937.5,5598.75
-1,77800,PEARLS,9996,1,9995,25,,,10004,1,10005,25,,,10000,-245
-1,77800,BANANAS,4935,1,4934,25,,,4941,26,,,,,4938,5476.5
-1,77900,PEARLS,10002,3,9996,2,9995,30,10004,2,10005,30,,,10003,-245
-1,77900,BANANAS,4935,32,,,,,4942,32,,,,,4938.5,5014.25
-1,78000,BANANAS,4935,23,,,,,4942,23,,,,,4938.5,4989
-1,78000,PEARLS,9995,23,,,,,9998,11,10005,23,,,9996.5,-239
-1,78100,PEARLS,10002,1,9996,2,9995,22,10004,2,10005,22,,,10003,-239
-1,78100,BANANAS,4935,24,,,,,4936,1,4942,24,,,4935.5,5029.25
-1,78200,PEARLS,9998,7,9995,27,,,10005,27,,,,,10001.5,-237
-1,78200,BANANAS,4936,7,4935,27,,,4942,27,,,,,4939,5208.75
-1,78300,PEARLS,9995,30,,,,,10005,30,,,,,10000,-237
-1,78300,BANANAS,4940,10,4935,30,,,4942,30,,,,,4941,5235.25
-1,78400,BANANAS,4935,26,,,,,4942,26,,,,,4938.5,5028.75
-1,78400,PEARLS,9995,26,,,,,10005,26,,,,,10000,-237
-1,78500,PEARLS,9998,4,9996,1,9995,22,10004,1,10005,22,,,10001,-237
-1,78500,BANANAS,4935,5,4934,22,,,4941,23,,,,,4938,5410.5
-1,78600,PEARLS,9995,22,,,,,10002,4,10005,22,,,9998.5,-193
-1,78600,BANANAS,4935,22,,,,,4940,4,4942,22,,,4937.5,5331.5
-1,78700,PEARLS,9996,2,9995,30,,,9998,1,10004,2,10005,30,9997,-193
-1,78700,BANANAS,4934,32,,,,,4941,32,,,,,4937.5,5610.25
-1,78800,BANANAS,4934,23,,,,,4941,23,,,,,4937.5,5487
-1,78800,PEARLS,10002,1,9995,23,,,10005,23,,,,,10003.5,-193
-1,78900,PEARLS,10002,1,9995,26,,,10005,26,,,,,10003.5,-191
-1,78900,BANANAS,4940,1,4935,26,,,4942,26,,,,,4941,5239.75
-1,79000,PEARLS,9998,2,9995,28,,,10005,28,,,,,10001.5,-189
-1,79000,BANANAS,4936,2,4935,28,,,4942,28,,,,,4939,5318.75
-1,79100,PEARLS,9996,1,9995,23,,,10004,1,10005,23,,,10000,-189
-1,79100,BANANAS,4934,24,,,,,4935,1,4941,24,,,4934.5,5635.25
-1,79200,BANANAS,4934,21,,,,,4937,3,4941,21,,,4935.5,5728.75
-1,79200,PEARLS,9996,1,9995,20,,,9998,3,10004,1,10005,20,9997,-189
-1,79300,PEARLS,9998,3,9996,1,9995,29,10004,1,10005,29,,,10001,-195
-1,79300,BANANAS,4939,3,4935,3,4934,30,4941,30,,,,,4940,5546.25
-1,79400,PEARLS,9998,6,9996,2,9995,26,10004,2,10005,26,,,10001,-195
-1,79400,BANANAS,4935,5,4934,28,,,4941,28,,,,,4938,5663.5
-1,79500,PEARLS,9996,2,9995,24,,,10004,2,10005,24,,,10000,-195
-1,79500,BANANAS,4934,26,,,,,4940,2,4941,24,,,4937,5775
-1,79600,BANANAS,4934,25,,,,,4939,8,4941,25,,,4936.5,5894.25
-1,79600,PEARLS,9995,25,,,,,10002,8,10005,25,,,9998.5,-195
-1,79700,PEARLS,9995,24,,,,,10005,24,,,,,10000,-195
-1,79700,BANANAS,4934,24,,,,,4941,24,,,,,4937.5,5679.25
-1,79800,PEARLS,10002,1,9995,21,,,10005,21,,,,,10003.5,-195
-1,79800,BANANAS,4934,21,,,,,4941,21,,,,,4937.5,5645
-1,79900,PEARLS,9998,1,9996,1,9995,29,10004,1,10005,29,,,10001,-201
-1,79900,BANANAS,4935,3,4934,30,,,4941,30,,,,,4938,5608.5
-1,80000,BANANAS,4934,32,,,,,4940,32,,,,,4937,5914.75
-1,80000,PEARLS,9996,2,9995,30,,,10004,2,10005,30,,,10000,-201
-1,80100,PEARLS,9996,2,9995,27,,,10004,2,10005,27,,,10000,-201
-1,80100,BANANAS,4934,29,,,,,4941,29,,,,,4937.5,5579
-1,80200,PEARLS,9995,28,,,,,10005,28,,,,,10000,-201
-1,80200,BANANAS,4935,28,,,,,4941,28,,,,,4938,5360
-1,80300,PEARLS,9996,1,9995,26,,,10004,1,10005,26,,,10000,-201
-1,80300,BANANAS,4934,27,,,,,4941,27,,,,,4937.5,5639
-1,80400,BANANAS,4934,1,4933,25,,,4940,26,,,,,4937,6048.25
-1,80400,PEARLS,9996,1,9995,25,,,10004,1,10005,25,,,10000,-201
-1,80500,PEARLS,9996,2,9995,26,,,10000,6,10004,2,10005,26,9998,-201
-1,80500,BANANAS,4934,2,4933,26,,,4940,28,,,,,4937,6054.25
-1,80600,PEARLS,9996,2,9995,24,,,10002,9,10004,2,10005,24,9999,-201
-1,80600,BANANAS,4933,26,,,,,4938,9,4940,26,,,4935.5,6124
-1,80700,PEARLS,9996,1,9995,30,,,10004,1,10005,30,,,10000,-201
-1,80700,BANANAS,4934,1,4933,30,,,4940,31,,,,,4937,5978
-1,80800,BANANAS,4934,1,4933,29,,,4938,2,4940,30,,,4936,6008.75
-1,80800,PEARLS,9996,1,9995,29,,,10002,3,10004,1,10005,29,9999,-201
-1,80900,BANANAS,4938,1,4934,21,,,4939,5,4941,21,,,4938.5,5676
-1,80900,PEARLS,9995,21,,,,,10002,5,10005,21,,,9998.5,-201
-1,81000,PEARLS,9995,29,,,,,10005,29,,,,,10000,-201
-1,81000,BANANAS,4934,29,,,,,4941,29,,,,,4937.5,5415.5
-1,81100,BANANAS,4940,1,4935,1,4934,25,4941,26,,,,,4940.5,5423
-1,81100,PEARLS,9996,1,9995,25,,,10004,1,10005,25,,,10000,-201
-1,81200,BANANAS,4940,1,4934,22,,,4941,22,,,,,4940.5,5454.25
-1,81200,PEARLS,9995,22,,,,,10005,22,,,,,10000,-201
-1,81300,PEARLS,9996,1,9995,30,,,10004,1,10005,30,,,10000,-201
-1,81300,BANANAS,4935,31,,,,,4942,31,,,,,4938.5,5159.5
-1,81400,PEARLS,9996,1,9995,25,,,10004,1,10005,25,,,10000,-201
-1,81400,BANANAS,4935,26,,,,,4942,26,,,,,4938.5,5132.25
-1,81500,PEARLS,9996,2,9995,23,,,10004,2,10005,23,,,10000,-197
-1,81500,BANANAS,4935,25,,,,,4942,25,,,,,4938.5,5124.75
-1,81600,BANANAS,4935,26,,,,,4942,26,,,,,4938.5,5019.75
-1,81600,PEARLS,9996,2,9995,24,,,10004,2,10005,24,,,10000,-197
-1,81700,PEARLS,9996,1,9995,23,,,10004,1,10005,23,,,10000,-197
-1,81700,BANANAS,4936,1,4935,23,,,4942,24,,,,,4939,4905.5
-1,81800,PEARLS,10002,1,9996,2,9995,23,10004,2,10005,23,,,10003,-197
-1,81800,BANANAS,4936,25,,,,,4943,25,,,,,4939.5,4588.25
-1,81900,PEARLS,9996,1,9995,29,,,9998,1,10004,1,10005,29,9997,-195
-1,81900,BANANAS,4935,30,,,,,4942,30,,,,,4938.5,4964
-1,82000,BANANAS,4935,22,,,,,4942,22,,,,,4938.5,5116.25
-1,82000,PEARLS,9995,22,,,,,10005,22,,,,,10000,-197
-1,82100,PEARLS,9996,2,9995,25,,,10004,2,10005,25,,,10000,-197
-1,82100,BANANAS,4935,27,,,,,4941,2,4942,25,,,4938,5305.75
-1,82200,PEARLS,10002,1,9998,5,9996,2,10004,2,10005,23,,,10003,-197
-1,82200,BANANAS,4936,7,4935,23,,,4942,25,,,,,4939,4882.25
-1,82300,PEARLS,9996,2,9995,26,,,10004,2,10005,26,,,10000,-197
-1,82300,BANANAS,4936,28,,,,,4942,2,4943,26,,,4939,4749
-1,82400,BANANAS,4936,21,,,,,4942,1,4943,20,,,4939,4741
-1,82400,PEARLS,9996,1,9995,20,,,10004,1,10005,20,,,10000,-197
-1,82500,BANANAS,4936,23,,,,,4937,1,4938,5,4943,23,4936.5,4516
-1,82500,PEARLS,9996,2,9995,21,,,10004,2,10005,21,,,10000,-197
-1,82600,PEARLS,9996,2,9995,25,,,10002,8,10004,2,10005,25,9999,-197
-1,82600,BANANAS,4935,27,,,,,4940,7,4942,27,,,4937.5,5011
-1,82700,BANANAS,4936,1,4935,22,,,4942,22,,,,,4939,5076.25
-1,82700,PEARLS,9998,1,9996,1,9995,21,10004,1,10005,21,,,10001,-197
-1,82800,BANANAS,4935,22,,,,,4940,1,4942,22,,,4937.5,5168.25
-1,82800,PEARLS,9996,2,9995,20,,,10002,1,10004,2,10005,20,9999,-197
-1,82900,BANANAS,4934,21,,,,,4941,21,,,,,4937.5,5592.75
-1,82900,PEARLS,9995,21,,,,,9998,1,10005,21,,,9996.5,-195
-1,83000,PEARLS,9996,1,9995,24,,,10004,1,10005,24,,,10000,-195
-1,83000,BANANAS,4934,25,,,,,4941,25,,,,,4937.5,5629.75
-1,83100,BANANAS,4939,1,4934,29,,,4940,2,4941,27,,,4939.5,5857.5
-1,83100,PEARLS,9996,2,9995,27,,,9998,1,10004,2,10005,27,9997,-195
-1,83200,BANANAS,4934,2,4933,25,,,4940,27,,,,,4937,6042.25
-1,83200,PEARLS,9996,2,9995,25,,,10004,2,10005,25,,,10000,-197
-1,83300,BANANAS,4934,26,,,,,4940,1,4941,25,,,4937,5867.5
-1,83300,PEARLS,9996,1,9995,25,,,10004,1,10005,25,,,10000,-197
