day,timestamp,product,bid_price_1,bid_volume_1,bid_price_2,bid_volume_2,bid_price_3,bid_volume_3,ask_price_1,ask_volume_1,ask_price_2,ask_volume_2,ask_price_3,ask_volume_3,mid_price,profit_and_loss
-2,0,BANANAS,4997,26,,,,,5003,26,,,,,5000,0
-2,0,PEARLS,9996,1,9995,25,,,10004,1,10005,25,,,10000,0
-2,100,BANANAS,4997,20,,,,,4998,1,5004,20,,,4997.5,2.86328125
-2,100,PEARLS,10000,5,9995,20,,,10005,20,,,,,10002.5,-8
-2,200,PEARLS,9996,1,9995,30,,,10004,1,10005,30,,,10000,-8
-2,200,BANANAS,4997,31,,,,,5004,31,,,,,5000.5,2.536621094
-2,300,PEARLS,9996,1,9995,26,,,10004,1,10005,26,,,10000,-8
-2,300,BANANAS,4997,27,,,,,5004,27,,,,,5000.5,2.405761719
-2,400,PEARLS,9995,20,,,,,9998,3,10002,9,10005,20,9996.5,-8
-2,400,BANANAS,4997,20,,,,,5002,9,5004,20,,,4999.5,2.92578125
-2,500,PEARLS,9995,30,,,,,10005,30,,,,,10000,-8
-2,500,BANANAS,5002,1,4997,30,,,5004,30,,,,,5003,2.565917969
-2,600,PEARLS,9995,30,,,,,10005,30,,,,,10000,-8
-2,600,BANANAS,4997,30,,,,,5004,30,,,,,5000.5,2.388671875
-2,700,PEARLS,9998,5,9996,1,9995,27,10004,1,10005,27,,,10001,-8
-2,700,BANANAS,4998,5,4997,28,,,5004,28,,,,,5001,2.603515625
-2,800,PEARLS,9996,2,9995,21,,,10004,2,10005,21,,,10000,-8
-2,800,BANANAS,5003,1,4997,23,,,5004,23,,,,,5003.5,2.372558594
-2,900,PEARLS,9995,30,,,,,10005,30,,,,,10000,-8
-2,900,BANANAS,4997,30,,,,,5004,30,,,,,5000.5,2.228027344
-2,1000,BANANAS,4998,2,4997,22,,,5004,24,,,,,5001,2.111816406
-2,1000,PEARLS,10002,1,9996,2,9995,22,10004,2,10005,22,,,10003,-8
-2,1100,PEARLS,9998,3,9996,1,9995,25,10004,1,10005,25,,,10001,-8
-2,1100,BANANAS,4998,3,4997,25,,,5004,26,,,,,5001,-0.796875
-2,1200,BANANAS,4999,6,4998,28,,,5004,1,5005,27,,,5001.5,-1.231445313
-2,1200,PEARLS,9998,6,9996,1,9995,27,10004,1,10005,27,,,10001,-8
-2,1300,PEARLS,10000,3,9995,23,,,10005,23,,,,,10002.5,-8
-2,1300,BANANAS,5000,3,4997,23,,,5004,23,,,,,5002,-0.642578125
-2,1400,BANANAS,4997,26,,,,,5004,26,,,,,5000.5,-5.8046875
-2,1400,PEARLS,9995,26,,,,,9998,3,10005,26,,,9996.5,-8
-2,1500,PEARLS,9996,2,9995,25,,,10004,2,10005,25,,,10000,-8
-2,1500,BANANAS,4997,27,,,,,5004,27,,,,,5000.5,-39.6953125
-2,1600,BANANAS,4998,1,4997,23,,,5004,24,,,,,5001,-41.015625
-2,1600,PEARLS,9996,1,9995,23,,,10004,1,10005,23,,,10000,-4
-2,1700,PEARLS,9995,28,,,,,10002,6,10005,28,,,9998.5,-4
-2,1700,BANANAS,4997,28,,,,,5002,6,5004,28,,,4999.5,-41.3203125
-2,1800,BANANAS,5003,1,4998,10,4997,24,5004,24,,,,,5003.5,-38.96875
-2,1800,PEARLS,9998,10,9995,24,,,10005,24,,,,,10001.5,-4
-2,1900,PEARLS,9996,1,9995,25,,,10004,1,10005,25,,,10000,-4
-2,1900,BANANAS,5002,1,4997,26,,,5004,26,,,,,5003,-30.109375
-2,2000,BANANAS,5002,1,4997,31,,,5004,31,,,,,5003,-27.9375
-2,2000,PEARLS,9996,1,9995,30,,,10004,1,10005,30,,,10000,-4
-2,2100,PEARLS,9996,2,9995,20,,,10004,2,10005,20,,,10000,-4
-2,2100,BANANAS,4997,22,,,,,5004,22,,,,,5000.5,-26.2734375
-2,2200,BANANAS,4997,26,,,,,5003,1,5004,25,,,5000,-23.8359375
-2,2200,PEARLS,10002,1,9996,1,9995,25,10004,1,10005,25,,,10003,-4
-2,2300,PEARLS,9996,2,9995,28,,,10004,2,10005,28,,,10000,-4
-2,2300,BANANAS,4997,30,,,,,5004,30,,,,,5000.5,-35.171875
-2,2400,PEARLS,9995,30,,,,,10005,30,,,,,10000,-4
-2,2400,BANANAS,4998,30,,,,,5005,30,,,,,5001.5,-43.9765625
-2,2500,PEARLS,9995,21,,,,,9998,1,10005,21,,,9996.5,-4
-2,2500,BANANAS,4997,21,,,,,5004,21,,,,,5000.5,-20.1953125
-2,2600,PEARLS,9996,1,9995,21,,,10004,1,10005,21,,,10000,-6
-2,2600,BANANAS,4996,22,,,,,5003,22,,,,,4999.5,-3.6171875
-2,2700,PEARLS,9996,1,9995,26,,,10002,8,10004,1,10005,26,9999,-6
-2,2700,BANANAS,4996,27,,,,,5001,8,5002,1,5003,26,4998.5,-2.0703125
-2,2800,PEARLS,9995,28,,,,,10005,28,,,,,10000,-6
-2,2800,BANANAS,4996,28,,,,,5003,28,,,,,4999.5,1.6484375
-2,2900,PEARLS,9995,30,,,,,10005,30,,,,,10000,-6
-2,2900,BANANAS,4996,30,,,,,5003,30,,,,,4999.5,-0.203125
-2,3000,PEARLS,10002,3,9996,2,9995,26,10004,2,10005,26,,,10003,-6
-2,3000,BANANAS,4996,28,,,,,5002,2,5003,26,,,4999,-2.09375
-2,3100,PEARLS,9996,2,9995,23,,,10004,2,10005,23,,,10000,-6
-2,3100,BANANAS,5002,1,4997,25,,,5003,2,5004,23,,,5002.5,-20.6328125
-2,3200,BANANAS,4996,28,,,,,5003,28,,,,,4999.5,-10.8671875
-2,3200,PEARLS,9996,2,9995,26,,,10004,2,10005,26,,,10000,-6
-2,3300,BANANAS,4996,20,,,,,5003,20,,,,,4999.5,-10.96875
-2,3300,PEARLS,9995,20,,,,,10005,20,,,,,10000,-10
-2,3400,BANANAS,4997,23,,,,,5003,1,5004,22,,,5000,-38.1796875
-2,3400,PEARLS,9996,1,9995,22,,,10004,1,10005,22,,,10000,-20
-2,3500,BANANAS,5003,1,4997,31,,,5004,31,,,,,5003.5,-44.59375
-2,3500,PEARLS,9996,2,9995,29,,,10004,2,10005,29,,,10000,-20
-2,3600,BANANAS,4998,3,4997,26,,,5004,26,,,,,5001,-51.1796875
-2,3600,PEARLS,9998,3,9995,26,,,10005,26,,,,,10001.5,-20
-2,3700,BANANAS,4997,27,,,,,5004,27,,,,,5000.5,-46.0390625
-2,3700,PEARLS,9996,2,9995,25,,,10004,2,10005,25,,,10000,10
-2,3800,BANANAS,4996,27,,,,,5001,7,5003,27,,,4998.5,-29.609375
-2,3800,PEARLS,9995,27,,,,,10002,7,10005,27,,,9998.5,10
-2,3900,BANANAS,5002,1,4997,1,4996,25,5003,26,,,,,5002.5,-31.2578125
-2,3900,PEARLS,9996,1,9995,25,,,10004,1,10005,25,,,10000,10
-2,4000,BANANAS,4998,3,4997,27,,,5004,27,,,,,5001,-30.328125
-2,4000,PEARLS,9998,2,9995,27,,,10005,27,,,,,10001.5,8
-2,4100,BANANAS,4997,8,4996,28,,,5003,28,,,,,5000,-17.59375
-2,4100,PEARLS,9998,8,9995,28,,,10005,28,,,,,10001.5,8
-2,4200,BANANAS,4997,5,4996,25,,,5002,2,5003,23,,,4999.5,-13.75
-2,4200,PEARLS,9998,6,9996,2,9995,23,10004,2,10005,23,,,10001,8
-2,4300,BANANAS,4996,26,,,,,5003,26,,,,,4999.5,-12.953125
-2,4300,PEARLS,9995,26,,,,,10005,26,,,,,10000,20
-2,4400,BANANAS,4996,9,4995,28,,,5002,29,,,,,4999,-2.765625
-2,4400,PEARLS,9998,8,9996,1,9995,28,10004,1,10005,28,,,10001,20
-2,4500,BANANAS,4996,2,4995,29,,,5002,30,,,,,4999,-1.6875
-2,4500,PEARLS,9998,1,9996,1,9995,29,10004,1,10005,29,,,10001,20
-2,4600,BANANAS,4996,2,4995,29,,,5002,31,,,,,4999,-2.6875
-2,4600,PEARLS,9996,2,9995,29,,,10004,2,10005,29,,,10000,20
-2,4700,PEARLS,9996,1,9995,29,,,10002,3,10004,1,10005,29,9999,20
-2,4700,BANANAS,4996,1,4995,29,,,5000,3,5002,30,,,4998,-3.0625
-2,4800,PEARLS,9996,2,9995,24,,,10002,6,10004,2,10005,24,9999,20
-2,4800,BANANAS,4995,26,,,,,5000,6,5002,26,,,4997.5,2.40625
-2,4900,PEARLS,10002,1,9996,2,9995,22,10004,2,10005,22,,,10003,20
-2,4900,BANANAS,4996,2,4995,22,,,5002,24,,,,,4999,-3.953125
-2,5000,PEARLS,9996,1,9995,20,,,10002,1,10004,1,10005,20,9999,20
-2,5000,BANANAS,4996,21,,,,,5001,1,5002,1,5003,20,4998.5,-13.515625
-2,5100,PEARLS,9996,2,9995,29,,,10004,2,10005,29,,,10000,20
-2,5100,BANANAS,4999,2,4996,31,,,5003,31,,,,,5001,-16.9375
-2,5200,PEARLS,9996,2,9995,25,,,10004,2,10005,25,,,10000,20
-2,5200,BANANAS,4996,27,,,,,5002,2,5003,25,,,4999,-8.125
-2,5300,PEARLS,9996,1,9995,22,,,10004,1,10005,22,,,10000,20
-2,5300,BANANAS,4996,23,,,,,5003,23,,,,,4999.5,-15.984375
-2,5400,PEARLS,9996,1,9995,29,,,10004,1,10005,29,,,10000,20
-2,5400,BANANAS,4996,30,,,,,5002,1,5003,29,,,4999,-10.5625
-2,5500,PEARLS,9998,7,9996,2,9995,28,10004,2,10005,28,,,10001,20
-2,5500,BANANAS,4997,7,4996,30,,,5003,30,,,,,5000,-19.984375
-2,5600,BANANAS,4996,32,,,,,5002,2,5003,30,,,4999,-8.4375
-2,5600,PEARLS,10000,6,9996,2,9995,30,10004,2,10005,30,,,10002,20
-2,5700,BANANAS,4996,29,,,,,5001,1,5003,29,,,4998.5,-18.265625
-2,5700,PEARLS,9995,29,,,,,10002,1,10005,29,,,9998.5,20
-2,5800,PEARLS,9996,2,9995,26,,,10004,2,10005,26,,,10000,20
-2,5800,BANANAS,4996,28,,,,,5003,28,,,,,4999.5,-18.015625
-2,5900,PEARLS,9998,2,9996,1,9995,28,10004,1,10005,28,,,10001,20
-2,5900,BANANAS,4996,3,4995,28,,,5002,29,,,,,4999,-4.5625
-2,6000,BANANAS,4996,2,4995,21,,,5002,23,,,,,4999,-1.171875
-2,6000,PEARLS,9996,2,9995,21,,,10004,2,10005,21,,,10000,20
-2,6100,BANANAS,4996,1,4995,26,,,5002,27,,,,,4999,-1.71875
-2,6100,PEARLS,9996,1,9995,26,,,10004,1,10005,26,,,10000,20
-2,6200,PEARLS,9996,2,9995,23,,,10004,2,10005,23,,,10000,20
-2,6200,BANANAS,4996,2,4995,23,,,5002,25,,,,,4999,-4.640625
-2,6300,PEARLS,9995,26,,,,,10005,26,,,,,10000,20
-2,6300,BANANAS,4995,26,,,,,5002,26,,,,,4998.5,5.953125
-2,6400,BANANAS,4995,25,,,,,5002,26,,,,,4998.5,14.796875
-2,6400,PEARLS,9995,26,,,,,10005,26,,,,,10000,20
-2,6500,BANANAS,4995,22,,,,,5001,1,5002,21,,,4998,12.578125
-2,6500,PEARLS,10000,5,9996,1,9995,21,10004,1,10005,21,,,10002,20
-2,6600,PEARLS,9996,2,9995,23,,,10004,2,10005,23,,,10000,20
-2,6600,BANANAS,4995,1,4994,23,,,5001,25,,,,,4998,14.84375
-2,6700,PEARLS,9998,3,9996,1,9995,27,10004,1,10005,27,,,10001,20
-2,6700,BANANAS,4996,3,4995,28,,,5001,1,5002,27,,,4998.5,12.140625
-2,6800,BANANAS,4995,24,,,,,5002,24,,,,,4998.5,-1.328125
-2,6800,PEARLS,9996,1,9995,23,,,10004,1,10005,23,,,10000,16
-2,6900,PEARLS,9995,28,,,,,10002,1,10005,28,,,9998.5,16
-2,6900,BANANAS,4999,1,4994,28,,,5001,28,,,,,5000,20.34375
-2,7000,PEARLS,9995,24,,,,,10005,24,,,,,10000,16
-2,7000,BANANAS,4994,24,,,,,5001,24,,,,,4997.5,18.3125
-2,7100,PEARLS,9995,26,,,,,10005,26,,,,,10000,16
-2,7100,BANANAS,4995,26,,,,,5002,26,,,,,4998.5,2.25
-2,7200,PEARLS,9996,1,9995,26,,,10004,1,10005,26,,,10000,16
-2,7200,BANANAS,4995,27,,,,,5001,1,5002,26,,,4998,6.1875
-2,7300,PEARLS,9996,1,9995,27,,,10004,1,10005,27,,,10000,16
-2,7300,BANANAS,4994,27,,,,,5001,28,,,,,4997.5,14.015625
-2,7400,PEARLS,9995,28,,,,,10002,3,10005,28,,,9998.5,16
-2,7400,BANANAS,4995,28,,,,,5000,3,5002,28,,,4997.5,1.703125
-2,7500,PEARLS,10002,1,9996,1,9995,25,10004,1,10005,25,,,10003,18
-2,7500,BANANAS,4995,26,,,,,5002,26,,,,,4998.5,-0.046875
-2,7600,BANANAS,4995,30,,,,,5002,30,,,,,4998.5,-12.875
-2,7600,PEARLS,9996,2,9995,28,,,10004,2,10005,28,,,10000,20
-2,7700,BANANAS,4995,26,,,,,4996,8,5000,1,5002,26,4995.5,-7.890625
-2,7700,PEARLS,9996,1,9995,25,,,10002,1,10004,1,10005,25,9999,20
-2,7800,BANANAS,4995,1,4994,21,,,5001,22,,,,,4998,13.390625
-2,7800,PEARLS,9996,1,9995,21,,,10004,1,10005,21,,,10000,20
-2,7900,BANANAS,4995,1,4994,29,,,5001,30,,,,,4998,15
-2,7900,PEARLS,9996,1,9995,29,,,10004,1,10005,29,,,10000,20
-2,8000,BANANAS,4995,9,4994,24,,,5001,24,,,,,4998,21.40625
-2,8000,PEARLS,9998,9,9996,1,9995,23,10004,1,10005,23,,,10001,20
-2,8100,BANANAS,4995,10,4994,20,,,5001,21,,,,,4998,10.3125
-2,8100,PEARLS,9998,9,9996,1,9995,20,10004,1,10005,20,,,10001,20
-2,8200,BANANAS,4995,30,,,,,5000,9,5002,30,,,4997.5,9.53125
-2,8200,PEARLS,9995,30,,,,,10002,10,10005,30,,,9998.5,20
-2,8300,BANANAS,4994,29,,,,,5001,29,,,,,4997.5,33.59375
-2,8300,PEARLS,9996,2,9995,27,,,10004,2,10005,27,,,10000,20
-2,8400,BANANAS,4994,6,4993,25,,,4995,3,5000,25,,,4994.5,51.234375
-2,8400,PEARLS,9998,6,9995,25,,,10005,25,,,,,10001.5,20
-2,8500,BANANAS,4994,24,,,,,5001,24,,,,,4997.5,38.25
-2,8500,PEARLS,9996,1,9995,23,,,9998,6,10004,1,10005,23,9997,20
-2,8600,BANANAS,4994,28,,,,,4999,10,5001,28,,,4996.5,28.25
-2,8600,PEARLS,9996,1,9995,27,,,10002,10,10004,1,10005,27,9999,20
-2,8700,BANANAS,4994,24,,,,,4999,5,5001,24,,,4996.5,39.4375
-2,8700,PEARLS,9996,2,9995,22,,,10002,5,10004,2,10005,22,9999,22
-2,8800,BANANAS,4999,1,4995,1,4994,20,5001,20,,,,,5000,42.9375
-2,8800,PEARLS,10002,1,9998,1,9995,20,10005,20,,,,,10003.5,26
-2,8900,BANANAS,4994,27,,,,,5001,27,,,,,4997.5,37.421875
-2,8900,PEARLS,9996,1,9995,26,,,10004,1,10005,26,,,10000,28
-2,9000,BANANAS,4994,31,,,,,5001,31,,,,,4997.5,29.8125
-2,9000,PEARLS,9996,2,9995,29,,,10004,2,10005,29,,,10000,28
-2,9100,PEARLS,9995,24,,,,,10005,24,,,,,10000,28
-2,9100,BANANAS,4994,24,,,,,5001,24,,,,,4997.5,15.515625
-2,9200,PEARLS,9995,28,,,,,10002,2,10005,28,,,9998.5,28
-2,9200,BANANAS,4995,28,,,,,5000,2,5002,28,,,4997.5,11.375
-2,9300,PEARLS,10000,5,9998,9,9996,2,10004,2,10005,26,,,10002,28
-2,9300,BANANAS,4996,9,4995,28,,,5001,2,5002,26,,,4998.5,12.953125
-2,9400,PEARLS,9996,2,9995,25,,,10004,2,10005,25,,,10000,28
-2,9400,BANANAS,4995,2,4994,25,,,5001,27,,,,,4998,17.21875
-2,9500,PEARLS,9996,2,9995,23,,,10002,6,10004,2,10005,23,9999,28
-2,9500,BANANAS,4995,25,,,,,5000,6,5002,25,,,4997.5,0
-2,9600,PEARLS,10000,3,9996,2,9995,29,10004,2,10005,29,,,10002,28
-2,9600,BANANAS,4994,31,,,,,5001,31,,,,,4997.5,36.796875
-2,9700,PEARLS,9996,2,9995,28,,,10004,2,10005,28,,,10000,28
-2,9700,BANANAS,4994,30,,,,,5001,30,,,,,4997.5,39.078125
-2,9800,BANANAS,4994,25,,,,,5001,25,,,,,4997.5,38.578125
-2,9800,PEARLS,9996,2,9995,23,,,10004,2,10005,23,,,10000,28
-2,9900,PEARLS,9996,2,9995,25,,,10004,2,10005,25,,,10000,28
-2,9900,BANANAS,4994,2,4993,25,,,5000,27,,,,,4997,61.890625
-2,10000,BANANAS,4994,1,4993,30,,,5000,31,,,,,4997,56.484375
-2,10000,PEARLS,9996,1,9995,30,,,10004,1,10005,30,,,10000,28
-2,10100,PEARLS,10000,5,9995,25,,,10005,25,,,,,10002.5,26
-2,10100,BANANAS,4993,25,,,,,5000,25,,,,,4996.5,67.15625
-2,10200,BANANAS,4994,30,,,,,5000,1,5001,29,,,4997,53.09375
-2,10200,PEARLS,9996,1,9995,29,,,10004,1,10005,29,,,10000,26
-2,10300,PEARLS,9995,23,,,,,10005,23,,,,,10000,22
-2,10300,BANANAS,4999,1,4994,23,,,5001,23,,,,,5000,52.15625
-2,10400,BANANAS,4994,23,,,,,4999,3,5001,23,,,4996.5,41
-2,10400,PEARLS,9996,1,9995,22,,,10002,3,10004,1,10005,22,9999,22
-2,10500,PEARLS,9995,20,,,,,10005,20,,,,,10000,22
-2,10500,BANANAS,4999,5,4994,20,,,5001,20,,,,,5000,20.65625
-2,10600,BANANAS,4995,1,4994,29,,,4999,8,5001,30,,,4997,19.671875
-2,10600,PEARLS,9996,1,9995,29,,,10002,8,10004,1,10005,29,9999,22
-2,10700,PEARLS,9995,29,,,,,10005,29,,,,,10000,22
-2,10700,BANANAS,4994,29,,,,,5001,29,,,,,4997.5,36.109375
-2,10800,BANANAS,4994,2,4993,22,,,5000,24,,,,,4997,64.484375
-2,10800,PEARLS,9996,2,9995,22,,,10004,2,10005,22,,,10000,22
-2,10900,PEARLS,9996,1,9995,21,,,10004,1,10005,21,,,10000,22
-2,10900,BANANAS,4994,22,,,,,5001,22,,,,,4997.5,31.71875
-2,11000,BANANAS,4994,27,,,,,5001,27,,,,,4997.5,33.828125
-2,11000,PEARLS,9995,27,,,,,10005,27,,,,,10000,22
-2,11100,PEARLS,9995,29,,,,,10005,29,,,,,10000,22
-2,11100,BANANAS,4994,29,,,,,5001,29,,,,,4997.5,46.75
-2,11200,BANANAS,4994,21,,,,,5001,21,,,,,4997.5,51.28125
-2,11200,PEARLS,9996,1,9995,20,,,10004,1,10005,20,,,10000,32
-2,11300,PEARLS,9996,2,9995,21,,,10004,2,10005,21,,,10000,32
-2,11300,BANANAS,4994,22,,,,,5001,23,,,,,4997.5,51.734375
-2,11400,PEARLS,9995,30,,,,,10005,30,,,,,10000,32
-2,11400,BANANAS,4994,30,,,,,4995,1,5001,30,,,4994.5,34.828125
-2,11500,PEARLS,10002,2,9998,4,9995,24,10005,24,,,,,10003.5,32
-2,11500,BANANAS,4995,4,4994,24,,,5001,24,,,,,4998,31.484375
-2,11600,PEARLS,9995,30,,,,,10002,9,10005,30,,,9998.5,32
-2,11600,BANANAS,4994,30,,,,,4999,9,5001,30,,,4996.5,31.265625
-2,11700,PEARLS,9996,1,9995,22,,,10004,1,10005,22,,,10000,32
-2,11700,BANANAS,4994,23,,,,,5001,23,,,,,4997.5,45.796875
-2,11800,PEARLS,9996,2,9995,29,,,10004,2,10005,29,,,10000,32
-2,11800,BANANAS,4994,31,,,,,5001,31,,,,,4997.5,36.3125
-2,11900,PEARLS,9996,1,9995,22,,,10004,1,10005,22,,,10000,32
-2,11900,BANANAS,4994,23,,,,,5000,1,5001,22,,,4997,57.359375
-2,12000,PEARLS,9996,2,9995,28,,,10004,2,10005,28,,,10000,32
-2,12000,BANANAS,4994,30,,,,,5001,30,,,,,4997.5,43.859375
-2,12100,BANANAS,4995,21,,,,,5002,21,,,,,4998.5,12.953125
-2,12100,PEARLS,9995,21,,,,,10005,21,,,,,10000,32
-2,12200,BANANAS,4994,23,,,,,5001,23,,,,,4997.5,43.96875
-2,12200,PEARLS,9995,23,,,,,10005,23,,,,,10000,32
-2,12300,BANANAS,4994,6,4993,28,,,5000,28,,,,,4997,94.09375
-2,12300,PEARLS,9998,6,9995,28,,,10005,28,,,,,10001.5,32
-2,12400,BANANAS,4993,25,,,,,5000,25,,,,,4996.5,81.609375
-2,12400,PEARLS,9995,25,,,,,10005,25,,,,,10000,32
-2,12500,BANANAS,4994,29,,,,,4999,10,5001,29,,,4996.5,29.890625
-2,12500,PEARLS,9996,1,9995,28,,,10002,10,10004,1,10005,28,9999,32
-2,12600,BANANAS,4994,27,,,,,5001,27,,,,,4997.5,50.265625
-2,12600,PEARLS,9996,1,9995,26,,,10004,1,10005,26,,,10000,32
-2,12700,BANANAS,4994,1,4993,22,,,5000,23,,,,,4997,75.71875
-2,12700,PEARLS,9996,1,9995,22,,,10004,1,10005,22,,,10000,32
-2,12800,BANANAS,4994,20,,,,,4999,10,5001,20,,,4996.5,63.78125
-2,12800,PEARLS,9995,20,,,,,9998,1,10002,10,10005,20,9996.5,32
-2,12900,BANANAS,4993,20,,,,,4998,7,5000,20,,,4995.5,47.96875
-2,12900,PEARLS,9995,20,,,,,9998,1,10002,8,10005,20,9996.5,32
-2,13000,BANANAS,4993,31,,,,,5000,31,,,,,4996.5,61.15625
-2,13000,PEARLS,9996,1,9995,30,,,9998,1,10004,1,10005,30,9997,32
-2,13100,BANANAS,4994,10,4993,22,,,5000,22,,,,,4997,70.1875
-2,13100,PEARLS,10000,6,9998,10,9996,1,10004,1,10005,21,,,10002,30
-2,13200,BANANAS,4993,23,,,,,4998,2,5000,23,,,4995.5,56.5
-2,13200,PEARLS,9996,1,9995,22,,,10002,2,10004,1,10005,22,9999,30
-2,13300,BANANAS,4993,29,,,,,4998,6,5000,29,,,4995.5,67.03125
-2,13300,PEARLS,9996,2,9995,27,,,10002,6,10004,2,10005,27,9999,30
-2,13400,BANANAS,4994,4,4993,28,,,5000,28,,,,,4997,59.875
-2,13400,PEARLS,9998,4,9996,1,9995,27,10004,1,10005,27,,,10001,30
-2,13500,BANANAS,4994,4,4993,27,,,5000,27,,,,,4997,61.0625
-2,13500,PEARLS,9998,5,9995,27,,,10005,27,,,,,10001.5,30
-2,13600,PEARLS,10000,2,9995,24,,,10005,24,,,,,10002.5,28
-2,13600,BANANAS,4993,24,,,,,5000,24,,,,,4996.5,83.3125
-2,13700,PEARLS,9996,1,9995,20,,,10004,1,10005,20,,,10000,28
-2,13700,BANANAS,4993,1,4992,20,,,4999,21,,,,,4996,91.78125
-2,13800,PEARLS,9995,22,,,,,10005,22,,,,,10000,28
-2,13800,BANANAS,4992,22,,,,,4999,22,,,,,4995.5,116.78125
-2,13900,PEARLS,9996,1,9995,20,,,10004,1,10005,20,,,10000,28
-2,13900,BANANAS,4992,21,,,,,4999,21,,,,,4995.5,116.65625
-2,14000,PEARLS,9995,25,,,,,10005,25,,,,,10000,20
-2,14000,BANANAS,4995,2,4992,25,,,4999,25,,,,,4997,139.90625
-2,14100,PEARLS,9996,2,9995,25,,,10004,2,10005,25,,,10000,55
-2,14100,BANANAS,4991,27,,,,,4998,27,,,,,4994.5,169.5625
-2,14200,PEARLS,9996,2,9995,23,,,10004,2,10005,23,,,10000,55
-2,14200,BANANAS,4992,25,,,,,4999,25,,,,,4995.5,130.1875
-2,14300,BANANAS,4992,24,,,,,4999,25,,,,,4995.5,128.40625
-2,14300,PEARLS,9996,2,9995,23,,,10004,2,10005,23,,,10000,55
-2,14400,PEARLS,9995,20,,,,,10002,10,10005,20,,,9998.5,55
-2,14400,BANANAS,4992,20,,,,,4997,10,4999,20,,,4994.5,129.90625
-2,14500,PEARLS,9996,1,9995,30,,,10002,3,10004,1,10005,30,9999,55
-2,14500,BANANAS,4992,31,,,,,4997,3,4999,31,,,4994.5,115.9375
-2,14600,BANANAS,4992,21,,,,,4999,21,,,,,4995.5,127.5625
-2,14600,PEARLS,9996,1,9995,20,,,10004,1,10005,20,,,10000,55
-2,14700,BANANAS,4992,20,,,,,4999,20,,,,,4995.5,133.84375
-2,14700,PEARLS,9995,20,,,,,10005,20,,,,,10000,55
-2,14800,PEARLS,9996,2,9995,28,,,10002,7,10004,2,10005,28,9999,55
-2,14800,BANANAS,4992,30,,,,,4993,4,4997,7,4999,30,4992.5,122.25
-2,14900,PEARLS,9995,29,,,,,10005,29,,,,,10000,55
-2,14900,BANANAS,4992,29,,,,,4999,29,,,,,4995.5,114.53125
-2,15000,BANANAS,4992,22,,,,,4998,2,4999,21,,,4995,143.4375
-2,15000,PEARLS,9996,2,9995,21,,,10004,2,10005,21,,,10000,55
-2,15100,BANANAS,4992,29,,,,,4999,29,,,,,4995.5,120.25
-2,15100,PEARLS,9995,29,,,,,10005,29,,,,,10000,55
-2,15200,PEARLS,9998,4,9995,28,,,10005,28,,,,,10001.5,75
-2,15200,BANANAS,4993,4,4992,28,,,4999,28,,,,,4996,136.75
-2,15300,PEARLS,9998,8,9995,26,,,10005,26,,,,,10001.5,75
-2,15300,BANANAS,4992,8,4991,26,,,4998,26,,,,,4995,166.21875
-2,15400,BANANAS,4991,22,,,,,4996,8,4998,22,,,4993.5,191.375
-2,15400,PEARLS,9995,22,,,,,10002,3,10005,22,,,9998.5,85
-2,15500,BANANAS,4991,25,,,,,4996,9,4997,1,4998,24,4993.5,202.3125
-2,15500,PEARLS,9996,1,9995,24,,,10002,9,10004,1,10005,24,9999,85
-2,15600,PEARLS,9998,8,9995,25,,,10005,25,,,,,10001.5,85
-2,15600,BANANAS,4992,8,4991,25,,,4998,25,,,,,4995,157.03125
-2,15700,PEARLS,9996,2,9995,29,,,10004,2,10005,29,,,10000,85
-2,15700,BANANAS,4991,31,,,,,4998,31,,,,,4994.5,189.84375
-2,15800,PEARLS,9996,1,9995,20,,,10002,2,10004,1,10005,20,9999,85
-2,15800,BANANAS,4996,8,4991,21,,,4998,21,,,,,4997,188.59375
-2,15900,PEARLS,10002,1,9996,1,9995,25,10004,1,10005,25,,,10003,85
-2,15900,BANANAS,4990,26,,,,,4997,26,,,,,4993.5,269.34375
-2,16000,PEARLS,9998,4,9996,1,9995,21,10004,1,10005,21,,,10001,85
-2,16000,BANANAS,4991,4,4990,22,,,4997,22,,,,,4994,269.4375
-2,16100,PEARLS,9996,2,9995,25,,,10004,2,10005,25,,,10000,85
-2,16100,BANANAS,4996,1,4991,2,4990,25,4997,27,,,,,4996.5,240.875
-2,16200,PEARLS,10000,4,9996,1,9995,29,10002,10,10004,1,10005,29,10001,85
-2,16200,BANANAS,4991,1,4990,29,,,4995,10,4997,30,,,4993,248.46875
-2,16300,PEARLS,9995,30,,,,,10002,9,10005,30,,,9998.5,85
-2,16300,BANANAS,4990,30,,,,,4992,4,4993,5,4995,9,4991,268.5625
-2,16400,PEARLS,9996,2,9995,27,,,10000,6,10004,2,10005,27,9998,85
-2,16400,BANANAS,4990,29,,,,,4997,29,,,,,4993.5,261.25
-2,16500,BANANAS,4991,1,4990,26,,,4995,9,4997,27,,,4993,239.03125
-2,16500,PEARLS,9996,1,9995,26,,,10002,9,10004,1,10005,26,9999,85
-2,16600,BANANAS,4991,23,,,,,4994,3,4998,23,,,4992.5,229
-2,16600,PEARLS,9995,23,,,,,10005,23,,,,,10000,85
-2,16700,BANANAS,4992,24,,,,,4994,4,4998,24,,,4993,155.28125
-2,16700,PEARLS,9995,24,,,,,10005,24,,,,,10000,85
-2,16800,BANANAS,4992,21,,,,,4999,21,,,,,4995.5,143.1875
-2,16800,PEARLS,9995,21,,,,,10005,21,,,,,10000,85
-2,16900,BANANAS,4992,4,4991,25,,,4998,26,,,,,4995,174.71875
-2,16900,PEARLS,9998,3,9996,1,9995,25,10004,1,10005,25,,,10001,85
-2,17000,BANANAS,4992,2,4991,27,,,4998,29,,,,,4995,179.8125
-2,17000,PEARLS,9996,2,9995,27,,,10004,2,10005,27,,,10000,85
-2,17100,BANANAS,4991,25,,,,,4998,25,,,,,4994.5,182.78125
-2,17100,PEARLS,9995,25,,,,,10005,25,,,,,10000,85
-2,17200,BANANAS,4991,30,,,,,4992,1,4998,30,,,4991.5,178.53125
-2,17200,PEARLS,9995,30,,,,,10005,30,,,,,10000,85
-2,17300,BANANAS,4994,4,4992,1,4991,24,4996,1,4998,25,,,4995,179.8125
-2,17300,PEARLS,9996,1,9995,24,,,10004,1,10005,24,,,10000,87
-2,17400,BANANAS,4992,6,4991,26,,,4998,26,,,,,4995,172.96875
-2,17400,PEARLS,9998,6,9995,26,,,10005,26,,,,,10001.5,87
-2,17500,BANANAS,4991,22,,,,,4997,1,4998,21,,,4994,239.53125
-2,17500,PEARLS,9996,1,9995,21,,,10004,1,10005,21,,,10000,87
-2,17600,BANANAS,4991,31,,,,,4998,31,,,,,4994.5,206.59375
-2,17600,PEARLS,9996,2,9995,29,,,10004,2,10005,29,,,10000,87
-2,17700,BANANAS,4991,28,,,,,4998,28,,,,,4994.5,229.5625
-2,17700,PEARLS,9996,2,9995,26,,,10004,2,10005,26,,,10000,87
-2,17800,BANANAS,4995,5,4991,1,4990,29,4997,30,,,,,4996,276.34375
-2,17800,PEARLS,9996,1,9995,29,,,10004,1,10005,29,,,10000,87
-2,17900,BANANAS,4991,22,,,,,4997,2,4998,20,,,4994,255.625
-2,17900,PEARLS,9996,2,9995,20,,,10004,2,10005,20,,,10000,87
-2,18000,PEARLS,10000,3,9996,1,9995,29,10004,1,10005,29,,,10002,87
-2,18000,BANANAS,4991,30,,,,,4998,30,,,,,4994.5,200.6875
-2,18100,PEARLS,9996,1,9995,26,,,10004,1,10005,26,,,10000,87
-2,18100,BANANAS,4991,26,,,,,4998,27,,,,,4994.5,177.3125
-2,18200,PEARLS,9998,2,9996,1,9995,28,10004,1,10005,28,,,10001,85
-2,18200,BANANAS,4992,4,4991,28,,,4994,5,4998,29,,,4993,170.625
-2,18300,PEARLS,9998,8,9995,27,,,10005,27,,,,,10001.5,83
-2,18300,BANANAS,4992,9,4991,27,,,4998,27,,,,,4995,207.5625
-2,18400,PEARLS,9996,1,9995,20,,,10002,6,10004,1,10005,20,9999,93
-2,18400,BANANAS,4992,21,,,,,4997,6,4999,21,,,4994.5,85.5625
-2,18500,PEARLS,9995,26,,,,,10005,26,,,,,10000,93
-2,18500,BANANAS,4992,26,,,,,4999,26,,,,,4995.5,46.0625
-2,18600,PEARLS,9996,1,9995,30,,,10002,10,10004,1,10005,30,9999,118
-2,18600,BANANAS,4992,31,,,,,4993,1,4997,10,4999,31,4992.5,97.375
-2,18700,PEARLS,10000,3,9996,2,9995,30,10002,8,10004,2,10005,30,10001,118
-2,18700,BANANAS,4992,32,,,,,4997,8,4998,2,4999,30,4994.5,130.3125
-2,18800,BANANAS,4992,26,,,,,4997,6,4998,2,4999,24,4994.5,126.4375
-2,18800,PEARLS,9996,2,9995,24,,,10002,6,10004,2,10005,24,9999,118
-2,18900,PEARLS,9998,6,9996,2,9995,23,10004,2,10005,23,,,10001,118
-2,18900,BANANAS,4992,6,4991,25,,,4998,25,,,,,4995,197.0625
-2,19000,BANANAS,4991,24,,,,,4996,9,4998,24,,,4993.5,189.5
-2,19000,PEARLS,9996,1,9995,23,,,10002,9,10004,1,10005,23,9999,118
-2,19100,PEARLS,9996,1,9995,23,,,10002,8,10004,1,10005,23,9999,118
-2,19100,BANANAS,4991,24,,,,,4996,8,4998,24,,,4993.5,210.4375
-2,19200,BANANAS,4992,23,,,,,4998,24,,,,,4995,151.875
-2,19200,PEARLS,9995,24,,,,,10005,24,,,,,10000,118
-2,19300,PEARLS,10002,2,9998,4,9996,2,10004,2,10005,29,,,10003,118
-2,19300,BANANAS,4993,4,4992,31,,,4999,31,,,,,4996,108
-2,19400,BANANAS,4992,1,4991,23,,,4998,23,,,,,4995,228.8125
-2,19400,PEARLS,10002,1,9998,2,9996,1,10004,1,10005,22,,,10003,118
-2,19500,PEARLS,10002,1,9998,5,9996,2,10004,2,10005,29,,,10003,118
-2,19500,BANANAS,4992,5,4991,31,,,4998,31,,,,,4995,227
-2,19600,BANANAS,4995,1,4990,22,,,4997,22,,,,,4996,301.75
-2,19600,PEARLS,10002,1,9996,1,9995,21,10004,1,10005,21,,,10003,120
-2,19700,PEARLS,9996,1,9995,25,,,10004,1,10005,25,,,10000,122
-2,19700,BANANAS,4991,26,,,,,4997,1,4998,25,,,4994,251.5
-2,19800,BANANAS,4991,23,,,,,4998,23,,,,,4994.5,243.8125
-2,19800,PEARLS,9995,23,,,,,10005,23,,,,,10000,122
-2,19900,PEARLS,10002,1,9996,2,9995,24,10004,2,10005,24,,,10003,122
-2,19900,BANANAS,4994,2,4991,26,,,4998,26,,,,,4996,218.3125
-2,20000,BANANAS,4990,28,,,,,4997,28,,,,,4993.5,268
-2,20000,PEARLS,9995,28,,,,,10005,28,,,,,10000,124
-2,20100,PEARLS,10002,1,9995,30,,,10005,30,,,,,10003.5,124
-2,20100,BANANAS,4991,30,,,,,4998,30,,,,,4994.5,183
-2,20200,PEARLS,10002,1,9996,1,9995,27,10004,1,10005,27,,,10003,124
-2,20200,BANANAS,4992,28,,,,,4999,28,,,,,4995.5,89.0625
-2,20300,PEARLS,9996,1,9995,24,,,10004,1,10005,24,,,10000,126
-2,20300,BANANAS,4997,1,4996,5,4992,25,4998,1,4999,24,,,4997.5,138.6875
-2,20400,PEARLS,9995,25,,,,,10005,25,,,,,10000,126
-2,20400,BANANAS,4992,25,,,,,4999,25,,,,,4995.5,143.6875
-2,20500,PEARLS,9996,1,9995,24,,,10004,1,10005,24,,,10000,126
-2,20500,BANANAS,4992,1,4991,24,,,4998,25,,,,,4995,172.4375
-2,20600,PEARLS,9995,21,,,,,9998,1,10005,21,,,9996.5,126
-2,20600,BANANAS,4991,21,,,,,4998,21,,,,,4994.5,173.75
-2,20700,PEARLS,9996,1,9995,22,,,10004,1,10005,22,,,10000,79
-2,20700,BANANAS,4991,23,,,,,4998,23,,,,,4994.5,239.875
-2,20800,PEARLS,9996,2,9995,21,,,10004,2,10005,21,,,10000,79
-2,20800,BANANAS,4992,23,,,,,4998,2,4999,21,,,4995,142.625
-2,20900,BANANAS,4992,2,4991,28,,,4998,30,,,,,4995,193.3125
-2,20900,PEARLS,9996,2,9995,28,,,9998,1,10004,2,10005,28,9997,79
-2,21000,BANANAS,4991,29,,,,,4998,29,,,,,4994.5,212.125
-2,21000,PEARLS,9996,1,9995,28,,,10004,1,10005,28,,,10000,77
-2,21100,BANANAS,4992,1,4991,22,,,4998,23,,,,,4995,185.9375
-2,21100,PEARLS,9996,1,9995,22,,,10004,1,10005,22,,,10000,77
-2,21200,BANANAS,4991,28,,,,,4998,28,,,,,4994.5,220
-2,21200,PEARLS,9996,1,9995,27,,,10004,1,10005,27,,,10000,77
-2,21300,BANANAS,4991,29,,,,,4996,5,4998,29,,,4993.5,232.6875
-2,21300,PEARLS,9996,2,9995,27,,,10002,5,10004,2,10005,27,9999,77
-2,21400,BANANAS,4996,1,4991,23,,,4998,23,,,,,4997,264.125
-2,21400,PEARLS,9996,2,9995,21,,,10004,2,10005,21,,,10000,79
-2,21500,BANANAS,4991,26,,,,,4996,5,4997,1,4998,25,4993.5,271.25
-2,21500,PEARLS,9996,1,9995,25,,,10002,5,10004,1,10005,25,9999,79
-2,21600,BANANAS,4995,8,4993,3,4990,23,4997,23,,,,,4996,333.375
-2,21600,PEARLS,9995,23,,,,,10005,23,,,,,10000,79
-2,21700,BANANAS,4990,22,,,,,4997,22,,,,,4993.5,356.625
-2,21700,PEARLS,9995,22,,,,,10005,22,,,,,10000,79
-2,21800,BANANAS,4996,1,4990,27,,,4997,27,,,,,4996.5,367.6875
-2,21800,PEARLS,10002,1,9996,2,9995,25,10004,2,10005,25,,,10003,79
-2,21900,BANANAS,4991,3,4990,21,,,4997,21,,,,,4994,385.4375
-2,21900,PEARLS,9998,3,9995,21,,,10005,21,,,,,10001.5,79
-2,22000,BANANAS,4991,1,4990,24,,,4997,24,,,,,4994,382.5625
-2,22000,PEARLS,9998,1,9995,24,,,10005,24,,,,,10001.5,79
-2,22100,BANANAS,4990,26,,,,,4997,26,,,,,4993.5,398.1875
-2,22100,PEARLS,9996,1,9995,25,,,10004,1,10005,25,,,10000,79
-2,22200,BANANAS,4990,27,,,,,4995,1,4997,27,,,4992.5,358.4375
-2,22200,PEARLS,9996,2,9995,25,,,10002,1,10004,2,10005,25,9999,79
-2,22300,BANANAS,4990,26,,,,,4997,27,,,,,4993.5,372.1875
-2,22300,PEARLS,9995,27,,,,,10005,27,,,,,10000,79
-2,22400,PEARLS,9996,1,9995,28,,,10004,1,10005,28,,,10000,79
-2,22400,BANANAS,4995,1,4990,29,,,4997,29,,,,,4996,379.5625
-2,22500,PEARLS,9996,1,9995,29,,,10004,1,10005,29,,,10000,79
-2,22500,BANANAS,4990,30,,,,,4996,1,4997,29,,,4993,415.0625
-2,22600,PEARLS,9995,22,,,,,10005,22,,,,,10000,79
-2,22600,BANANAS,4989,22,,,,,4996,22,,,,,4992.5,443.3125
-2,22700,PEARLS,9995,27,,,,,9998,1,10005,27,,,9996.5,79
-2,22700,BANANAS,4989,27,,,,,4990,1,4996,27,,,4989.5,510.8125
-2,22800,PEARLS,10002,1,9996,2,9995,20,10004,2,10005,20,,,10003,77
-2,22800,BANANAS,4989,22,,,,,4996,22,,,,,4992.5,483.25
-2,22900,PEARLS,9996,1,9995,21,,,10004,1,10005,21,,,10000,77
-2,22900,BANANAS,4989,22,,,,,4995,1,4996,21,,,4992,544.25
-2,23000,PEARLS,10002,4,9996,2,9995,24,10004,2,10005,24,,,10003,69
-2,23000,BANANAS,4989,2,4988,24,,,4990,4,4995,26,,,4989.5,584.125
-2,23100,PEARLS,9996,1,9995,21,,,9998,1,10004,1,10005,21,9997,69
-2,23100,BANANAS,4989,22,,,,,4995,1,4996,21,,,4992,563.0625
-2,23200,BANANAS,4989,29,,,,,4995,1,4996,28,,,4992,541.5625
-2,23200,PEARLS,9996,1,9995,28,,,10004,1,10005,28,,,10000,69
-2,23300,BANANAS,4989,22,,,,,4994,4,4995,2,4996,20,4991.5,563.1875
-2,23300,PEARLS,10000,2,9996,2,9995,20,10002,4,10004,2,10005,20,10001,65
-2,23400,PEARLS,9995,21,,,,,10005,21,,,,,10000,65
-2,23400,BANANAS,4991,1,4988,21,,,4995,21,,,,,4993,671.6875
-2,23500,PEARLS,9995,22,,,,,10005,22,,,,,10000,65
-2,23500,BANANAS,4988,22,,,,,4995,22,,,,,4991.5,649.1875
-2,23600,BANANAS,4988,23,,,,,4993,3,4995,23,,,4990.5,635.4375
-2,23600,PEARLS,9996,1,9995,22,,,10002,3,10004,1,10005,22,9999,65
-2,23700,BANANAS,4988,1,4987,26,,,4994,27,,,,,4991,711.375
-2,23700,PEARLS,9996,1,9995,26,,,10004,1,10005,26,,,10000,65
-2,23800,PEARLS,9996,2,9995,27,,,10004,2,10005,27,,,10000,65
-2,23800,BANANAS,4988,29,,,,,4994,2,4995,27,,,4991,670.0625
-2,23900,PEARLS,9995,23,,,,,9998,3,10005,23,,,9996.5,65
-2,23900,BANANAS,4987,23,,,,,4994,23,,,,,4990.5,707.8125
-2,24000,BANANAS,4987,26,,,,,4988,9,4989,2,4994,26,4987.5,768.375
-2,24000,PEARLS,9996,2,9995,24,,,10004,2,10005,24,,,10000,19
-2,24100,BANANAS,4987,31,,,,,4992,7,4994,31,,,4989.5,763.375
-2,24100,PEARLS,9996,2,9995,29,,,10002,7,10004,2,10005,29,9999,19
-2,24200,PEARLS,9996,2,9995,30,,,10004,2,10005,30,,,10000,19
-2,24200,BANANAS,4987,32,,,,,4994,32,,,,,4990.5,773.0625
-2,24300,PEARLS,10002,1,9995,29,,,10005,29,,,,,10003.5,19
-2,24300,BANANAS,4990,6,4987,29,,,4994,29,,,,,4992,762.3125
-2,24400,BANANAS,4987,1,4986,28,,,4993,29,,,,,4990,848.5625
-2,24400,PEARLS,9996,1,9995,28,,,10004,1,10005,28,,,10000,21
-2,24500,BANANAS,4993,1,4988,8,4987,22,4994,22,,,,,4993.5,751.4375
-2,24500,PEARLS,9998,8,9996,2,9995,20,10004,2,10005,20,,,10001,21
-2,24600,PEARLS,9996,2,9995,28,,,10004,2,10005,28,,,10000,21
-2,24600,BANANAS,4987,30,,,,,4994,30,,,,,4990.5,786.5
-2,24700,PEARLS,9995,27,,,,,10005,27,,,,,10000,5
-2,24700,BANANAS,4986,27,,,,,4993,27,,,,,4989.5,937.5
-2,24800,PEARLS,9996,2,9995,21,,,10004,2,10005,21,,,10000,5
-2,24800,BANANAS,4987,23,,,,,4993,2,4994,21,,,4990,900.1875
-2,24900,PEARLS,9996,2,9995,26,,,10002,9,10004,2,10005,26,9999,5
-2,24900,BANANAS,4987,2,4986,26,,,4991,9,4993,28,,,4989,921.75
-2,25000,PEARLS,9998,8,9996,2,9995,22,10004,2,10005,22,,,10001,5
-2,25000,BANANAS,4988,8,4987,24,,,4993,24,,,,,4990.5,902.25
-2,25100,PEARLS,10002,1,9995,24,,,10005,24,,,,,10003.5,5
-2,25100,BANANAS,4992,1,4986,24,,,4993,24,,,,,4992.5,922.875
-2,25200,PEARLS,9996,1,9995,25,,,10004,1,10005,25,,,10000,7
-2,25200,BANANAS,4987,1,4986,25,,,4993,26,,,,,4990,928.75
-2,25300,PEARLS,9995,23,,,,,10005,23,,,,,10000,7
-2,25300,BANANAS,4986,23,,,,,4993,23,,,,,4989.5,913.9375
-2,25400,BANANAS,4986,22,,,,,4993,22,,,,,4989.5,959.4375
-2,25400,PEARLS,9995,22,,,,,10005,22,,,,,10000,7
-2,25500,BANANAS,4987,2,4986,29,,,4991,1,4993,31,,,4989,918.3125
-2,25500,PEARLS,9996,2,9995,29,,,10002,1,10004,2,10005,29,9999,7
-2,25600,BANANAS,4986,31,,,,,4993,31,,,,,4989.5,947.0625
-2,25600,PEARLS,9996,2,9995,29,,,10004,2,10005,29,,,10000,7
-2,25700,BANANAS,4986,30,,,,,4991,8,4993,30,,,4988.5,1007.25
-2,25700,PEARLS,10002,3,9996,2,9995,28,10004,2,10005,28,,,10003,31
-2,25800,BANANAS,4986,24,,,,,4993,24,,,,,4989.5,1002.625
-2,25800,PEARLS,10000,3,9996,1,9995,23,10004,1,10005,23,,,10002,37
-2,25900,BANANAS,4986,25,,,,,4991,6,4993,25,,,4988.5,975.4375
-2,25900,PEARLS,9996,1,9995,24,,,10002,6,10004,1,10005,24,9999,37
-2,26000,BANANAS,4986,26,,,,,4993,26,,,,,4989.5,989.625
-2,26000,PEARLS,9996,2,9995,24,,,10004,2,10005,24,,,10000,37
-2,26100,BANANAS,4986,23,,,,,4992,2,4993,21,,,4989,1042.9375
-2,26100,PEARLS,9996,2,9995,21,,,10004,2,10005,21,,,10000,37
-2,26200,BANANAS,4991,1,4986,30,,,4993,30,,,,,4992,1004.875
-2,26200,PEARLS,10002,1,9995,30,,,10005,30,,,,,10003.5,37
-2,26300,BANANAS,4986,2,4985,28,,,4992,28,,,,,4989,1110.75
-2,26300,PEARLS,9998,3,9995,28,,,10005,28,,,,,10001.5,37
-2,26400,BANANAS,4985,23,,,,,4992,24,,,,,4988.5,1171.4375
-2,26400,PEARLS,9995,24,,,,,10005,24,,,,,10000,37
-2,26500,BANANAS,4986,1,4985,26,,,4992,26,,,,,4989,1169.1875
-2,26500,PEARLS,9998,1,9996,1,9995,25,10004,1,10005,25,,,10001,82
-2,26600,BANANAS,4985,1,4984,22,,,4991,23,,,,,4988,1254.1875
-2,26600,PEARLS,9996,1,9995,22,,,10004,1,10005,22,,,10000,82
-2,26700,BANANAS,4990,1,4985,1,4984,22,4991,23,,,,,4990.5,1301.0625
-2,26700,PEARLS,10000,2,9996,1,9995,22,10004,1,10005,22,,,10002,82
-2,26800,BANANAS,4990,1,4984,22,,,4991,22,,,,,4990.5,1307.1875
-2,26800,PEARLS,9995,22,,,,,10005,22,,,,,10000,82
-2,26900,PEARLS,9995,26,,,,,10005,26,,,,,10000,82
-2,26900,BANANAS,4985,26,,,,,4992,26,,,,,4988.5,1245.625
-2,27000,PEARLS,10002,1,9995,21,,,10005,21,,,,,10003.5,82
-2,27000,BANANAS,4984,21,,,,,4991,21,,,,,4987.5,1308.625
-2,27100,PEARLS,9995,30,,,,,10005,30,,,,,10000,84
-2,27100,BANANAS,4984,30,,,,,4991,30,,,,,4987.5,1351.75
-2,27200,PEARLS,9995,28,,,,,10005,28,,,,,10000,84
-2,27200,BANANAS,4984,28,,,,,4985,1,4991,28,,,4984.5,1329
-2,27300,PEARLS,9998,9,9995,30,,,10005,30,,,,,10001.5,84
-2,27300,BANANAS,4984,9,4983,30,,,4990,30,,,,,4987,1496.4375
-2,27400,PEARLS,9998,1,9995,23,,,10000,6,10005,23,,,9999,84
-2,27400,BANANAS,4985,1,4984,23,,,4991,23,,,,,4988,1282.25
-2,27500,PEARLS,10002,1,9996,2,9995,26,10004,2,10005,26,,,10003,84
-2,27500,BANANAS,4984,28,,,,,4991,28,,,,,4987.5,1330.6875
-2,27600,BANANAS,4984,30,,,,,4991,30,,,,,4987.5,1381.3125
-2,27600,PEARLS,9996,1,9995,29,,,10004,1,10005,29,,,10000,84
-2,27700,PEARLS,9995,27,,,,,9998,1,10005,27,,,9996.5,78
-2,27700,BANANAS,4984,27,,,,,4991,27,,,,,4987.5,1321.875
-2,27800,BANANAS,4984,24,,,,,4991,24,,,,,4987.5,1324.75
-2,27800,PEARLS,9996,1,9995,23,,,10004,1,10005,23,,,10000,76
-2,27900,PEARLS,10002,4,9998,6,9996,1,10004,1,10005,22,,,10003,76
-2,27900,BANANAS,4984,7,4983,22,,,4990,23,,,,,4987,1447.9375
-2,28000,BANANAS,4984,29,,,,,4991,29,,,,,4987.5,1404.75
-2,28000,PEARLS,9995,29,,,,,10005,29,,,,,10000,84
-2,28100,PEARLS,9998,3,9995,24,,,10000,5,10005,24,,,9999,89
-2,28100,BANANAS,4985,3,4984,24,,,4991,24,,,,,4988,1349.1875
-2,28200,BANANAS,4984,25,,,,,4991,25,,,,,4987.5,1380.6875
-2,28200,PEARLS,9996,2,9995,23,,,10004,2,10005,23,,,10000,89
-2,28300,PEARLS,9995,27,,,,,9998,3,10002,6,10005,27,9996.5,89
-2,28300,BANANAS,4984,27,,,,,4985,15,4989,6,4991,27,4984.5,1400.375
-2,28400,BANANAS,4984,25,,,,,4991,25,,,,,4987.5,1330.625
-2,28400,PEARLS,9996,2,9995,23,,,10004,2,10005,23,,,10000,83
-2,28500,PEARLS,9996,2,9995,25,,,10004,2,10005,25,,,10000,83
-2,28500,BANANAS,4984,27,,,,,4985,3,4990,2,4991,25,4984.5,1399.375
-2,28600,BANANAS,4984,26,,,,,4989,2,4990,2,4991,24,4986.5,1359.75
-2,28600,PEARLS,9996,2,9995,24,,,9998,1,10002,2,10004,2,9997,83
-2,28700,PEARLS,9998,6,9996,2,9995,30,10004,2,10005,30,,,10001,81
-2,28700,BANANAS,4985,6,4984,32,,,4991,32,,,,,4988,1349.6875
-2,28800,BANANAS,4989,1,4984,29,,,4990,2,4991,27,,,4989.5,1402.4375
-2,28800,PEARLS,9996,2,9995,27,,,10004,2,10005,27,,,10000,81
-2,28900,PEARLS,9998,8,9995,22,,,10005,22,,,,,10001.5,81
-2,28900,BANANAS,4984,8,4983,22,,,4990,22,,,,,4987,1511.0625
-2,29000,BANANAS,4983,26,,,,,4990,26,,,,,4986.5,1528.75
-2,29000,PEARLS,9996,2,9995,24,,,10004,2,10005,24,,,10000,81
-2,29100,PEARLS,9996,1,9995,21,,,10002,3,10004,1,10005,21,9999,81
-2,29100,BANANAS,4983,22,,,,,4988,3,4989,1,4990,21,4985.5,1597.125
-2,29200,PEARLS,9995,30,,,,,10002,5,10005,30,,,9998.5,81
-2,29200,BANANAS,4983,30,,,,,4988,5,4990,30,,,4985.5,1519.3125
-2,29300,PEARLS,10002,1,9995,23,,,10005,23,,,,,10003.5,81
-2,29300,BANANAS,4983,23,,,,,4990,23,,,,,4986.5,1508.1875
-2,29400,PEARLS,9995,25,,,,,10005,25,,,,,10000,81
-2,29400,BANANAS,4983,25,,,,,4990,25,,,,,4986.5,1447.4375
-2,29500,PEARLS,9996,2,9995,29,,,9998,2,10004,2,10005,29,9997,85
-2,29500,BANANAS,4984,5,4983,29,,,4990,31,,,,,4987,1443.5
-2,29600,PEARLS,9996,2,9995,22,,,10004,2,10005,22,,,10000,81
-2,29600,BANANAS,4984,2,4983,22,,,4990,24,,,,,4987,1422.875
-2,29700,PEARLS,9996,1,9995,29,,,10004,1,10005,29,,,10000,81
-2,29700,BANANAS,4983,30,,,,,4990,30,,,,,4986.5,1484.6875
-2,29800,BANANAS,4984,2,4983,20,,,4990,22,,,,,4987,1432.25
-2,29800,PEARLS,9996,2,9995,20,,,10004,2,10005,20,,,10000,81
-2,29900,BANANAS,4990,1,4989,5,4984,29,4991,29,,,,,4990.5,1292
-2,29900,PEARLS,9996,2,9995,27,,,10004,2,10005,27,,,10000,81
-2,30000,BANANAS,4984,28,,,,,4991,28,,,,,4987.5,1326.625
-2,30000,PEARLS,9996,1,9995,27,,,10004,1,10005,27,,,10000,81
-2,30100,BANANAS,4984,21,,,,,4989,5,4991,21,,,4986.5,1374.8125
-2,30100,PEARLS,10000,6,9995,21,,,10002,5,10005,21,,,10001,81
-2,30200,BANANAS,4984,28,,,,,4990,1,4991,27,,,4987,1387.75
-2,30200,PEARLS,9996,1,9995,27,,,10004,1,10005,27,,,10000,81
-2,30300,BANANAS,4984,30,,,,,4988,6,4990,30,,,4986,1428.875
-2,30300,PEARLS,9996,2,9995,28,,,10002,7,10004,2,10005,28,9999,81
-2,30400,BANANAS,4983,30,,,,,4984,1,4990,30,,,4983.5,1486.25
-2,30400,PEARLS,9996,1,9995,29,,,10004,1,10005,29,,,10000,81
-2,30500,BANANAS,4983,20,,,,,4988,8,4990,20,,,4985.5,1472.375
-2,30500,PEARLS,9995,20,,,,,10002,8,10005,20,,,9998.5,109
-2,30600,BANANAS,4983,30,,,,,4988,2,4990,30,,,4985.5,1496.3125
-2,30600,PEARLS,9996,1,9995,29,,,10002,2,10004,1,10005,29,9999,109
-2,30700,BANANAS,4984,25,,,,,4990,1,4991,24,,,4987,1378.75
-2,30700,PEARLS,9996,1,9995,24,,,10004,1,10005,24,,,10000,109
-2,30800,BANANAS,4985,2,4984,30,,,4990,1,4991,29,,,4987.5,1378.9375
-2,30800,PEARLS,9998,2,9996,1,9995,29,10004,1,10005,29,,,10001,109
-2,30900,BANANAS,4985,8,4984,29,,,4991,29,,,,,4988,1349.1875
-2,30900,PEARLS,9998,9,9995,29,,,10005,29,,,,,10001.5,109
-2,31000,BANANAS,4984,30,,,,,4991,30,,,,,4987.5,1271
-2,31000,PEARLS,9996,2,9995,28,,,9998,1,10004,2,10005,28,9997,109
-2,31100,BANANAS,4984,25,,,,,4991,25,,,,,4987.5,1292.3125
-2,31100,PEARLS,9995,25,,,,,10005,25,,,,,10000,105
-2,31200,BANANAS,4985,25,,,,,4991,2,4992,24,,,4988,1170.5
-2,31200,PEARLS,9996,2,9995,24,,,10004,2,10005,24,,,10000,105
-2,31300,PEARLS,9996,1,9995,22,,,9998,1,10002,10,10004,1,9997,105
-2,31300,BANANAS,4985,1,4984,22,,,4989,9,4991,23,,,4987,1225.375
-2,31400,PEARLS,10002,7,9998,7,9996,2,10004,2,10005,24,,,10003,103
-2,31400,BANANAS,4985,7,4984,26,,,4991,26,,,,,4988,1292.9375
-2,31500,PEARLS,9996,2,9995,30,,,9998,10,10002,7,10004,2,9997,103
-2,31500,BANANAS,4984,32,,,,,4989,7,4991,32,,,4986.5,1323.6875
-2,31600,PEARLS,10002,3,9996,2,9995,22,10004,2,10005,22,,,10003,103
-2,31600,BANANAS,4984,24,,,,,4991,24,,,,,4987.5,1333.4375
-2,31700,PEARLS,9996,1,9995,25,,,10004,1,10005,25,,,10000,109
-2,31700,BANANAS,4989,1,4984,1,4983,25,4990,26,,,,,4989.5,1450.5
-2,31800,PEARLS,10002,1,9996,2,9995,23,10004,2,10005,23,,,10003,109
-2,31800,BANANAS,4984,2,4983,23,,,4990,25,,,,,4987,1453.625
-2,31900,PEARLS,9996,1,9995,29,,,10004,1,10005,29,,,10000,111
-2,31900,BANANAS,4983,30,,,,,4989,1,4990,29,,,4986,1592.9375
-2,32000,PEARLS,9995,22,,,,,10002,4,10005,22,,,9998.5,111
-2,32000,BANANAS,4983,22,,,,,4984,1,4988,4,4990,22,4983.5,1476.875
-2,32100,PEARLS,9996,1,9995,22,,,10002,5,10004,1,10005,22,9999,119
-2,32100,BANANAS,4983,23,,,,,4984,1,4988,9,4990,23,4983.5,1483.875
-2,32200,BANANAS,4983,31,,,,,4990,31,,,,,4986.5,1537.5625
-2,32200,PEARLS,9996,1,9995,30,,,10004,1,10005,30,,,10000,119
-2,32300,BANANAS,4988,1,4983,22,,,4989,2,4990,20,,,4988.5,1613.5625
-2,32300,PEARLS,9996,2,9995,20,,,10004,2,10005,20,,,10000,119
-2,32400,PEARLS,9995,30,,,,,10005,30,,,,,10000,119
-2,32400,BANANAS,4982,30,,,,,4989,30,,,,,4985.5,1645.75
-2,32500,PEARLS,10002,1,9996,2,9995,20,10004,2,10005,20,,,10003,119
-2,32500,BANANAS,4983,2,4982,20,,,4989,22,,,,,4986,1664.5
-2,32600,BANANAS,4982,23,,,,,4987,2,4989,23,,,4984.5,1751.875
-2,32600,PEARLS,9996,2,9995,21,,,10002,2,10004,2,10005,21,9999,121
-2,32700,BANANAS,4987,1,4982,31,,,4988,2,4989,29,,,4987.5,1828.8125
-2,32700,PEARLS,9996,2,9995,29,,,10004,2,10005,29,,,10000,121
-2,32800,PEARLS,9996,2,9995,24,,,10000,5,10002,2,10004,2,9998,121
-2,32800,BANANAS,4982,2,4981,24,,,4986,2,4988,26,,,4984,1846.625
-2,32900,PEARLS,9996,2,9995,30,,,10002,3,10004,2,10005,30,9999,103
-2,32900,BANANAS,4982,2,4981,30,,,4986,3,4988,32,,,4984,1884.875
-2,33000,BANANAS,4982,26,,,,,4987,3,4989,26,,,4984.5,1805.625
-2,33000,PEARLS,9995,26,,,,,10002,3,10005,26,,,9998.5,103
-2,33100,BANANAS,4982,27,,,,,4987,5,4989,27,,,4984.5,1709.375
-2,33100,PEARLS,9995,27,,,,,10002,5,10005,27,,,9998.5,103
-2,33200,PEARLS,9998,9,9996,1,9995,20,10004,1,10005,20,,,10001,103
-2,33200,BANANAS,4983,8,4982,21,,,4989,21,,,,,4986,1723.75
-2,33300,PEARLS,9996,2,9995,24,,,10004,2,10005,24,,,10000,103
-2,33300,BANANAS,4988,1,4983,2,4982,24,4989,26,,,,,4988.5,1681.25
-2,33400,BANANAS,4985,6,4982,30,,,4987,3,4989,30,,,4986,1804.5
-2,33400,PEARLS,9996,2,9995,28,,,10002,3,10004,2,10005,28,9999,103
-2,33500,PEARLS,9996,2,9995,26,,,10002,5,10004,2,10005,26,9999,109
-2,33500,BANANAS,4982,28,,,,,4987,8,4989,28,,,4984.5,1747
-2,33600,PEARLS,9995,26,,,,,10005,26,,,,,10000,109
-2,33600,BANANAS,4982,26,,,,,4989,26,,,,,4985.5,1750
-2,33700,PEARLS,9998,5,9996,1,9995,24,10004,1,10005,24,,,10001,109
-2,33700,BANANAS,4983,5,4982,25,,,4989,25,,,,,4986,1706.25
-2,33800,PEARLS,9995,20,,,,,10005,20,,,,,10000,109
-2,33800,BANANAS,4983,20,,,,,4990,20,,,,,4986.5,1561.5
-2,33900,PEARLS,9998,6,9995,21,,,10005,21,,,,,10001.5,109
-2,33900,BANANAS,4987,1,4983,6,4982,21,4989,21,,,,,4988,1763.375
-2,34000,PEARLS,9998,1,9995,26,,,10005,26,,,,,10001.5,109
-2,34000,BANANAS,4988,1,4983,1,4982,26,4989,26,,,,,4988.5,1741.25
-2,34100,PEARLS,10002,1,9995,23,,,10005,23,,,,,10003.5,107
-2,34100,BANANAS,4982,23,,,,,4989,23,,,,,4985.5,1845.125
-2,34200,PEARLS,9998,7,9996,2,9995,21,10004,2,10005,21,,,10001,109
-2,34200,BANANAS,4983,7,4982,23,,,4989,23,,,,,4986,1790.75
-2,34300,BANANAS,4982,2,4981,27,,,4988,29,,,,,4985,1912
-2,34300,PEARLS,10002,7,9996,2,9995,27,10004,2,10005,27,,,10003,109
-2,34400,BANANAS,4981,31,,,,,4988,31,,,,,4984.5,1957.875
-2,34400,PEARLS,10002,1,9996,2,9995,29,10004,2,10005,29,,,10003,109
-2,34500,BANANAS,4981,25,,,,,4986,5,4988,25,,,4983.5,1939.25
-2,34500,PEARLS,9996,2,9995,23,,,10002,5,10004,2,10005,23,9999,109
-2,34600,BANANAS,4984,6,4981,28,,,4986,3,4988,28,,,4985,1883
-2,34600,PEARLS,9995,28,,,,,10002,3,10005,28,,,9998.5,109
-2,34700,BANANAS,4982,2,4981,29,,,4988,31,,,,,4985,1876.375
-2,34700,PEARLS,9996,2,9995,29,,,10004,2,10005,29,,,10000,109
-2,34800,BANANAS,4981,23,,,,,4988,23,,,,,4984.5,1949.5
-2,34800,PEARLS,9995,23,,,,,10005,23,,,,,10000,109
-2,34900,BANANAS,4981,26,,,,,4988,27,,,,,4984.5,1997.25
-2,34900,PEARLS,9996,1,9995,26,,,10004,1,10005,26,,,10000,109
-2,35000,BANANAS,4982,10,4981,21,,,4988,21,,,,,4985,1915.625
-2,35000,PEARLS,9998,10,9995,21,,,10005,21,,,,,10001.5,109
-2,35100,BANANAS,4982,5,4981,22,,,4988,24,,,,,4985,1916.375
-2,35100,PEARLS,9998,3,9996,2,9995,22,10004,2,10005,22,,,10001,109
-2,35200,BANANAS,4981,26,,,,,4986,5,4988,26,,,4983.5,2072.375
-2,35200,PEARLS,9995,26,,,,,10002,5,10005,26,,,9998.5,109
-2,35300,BANANAS,4981,20,,,,,4988,21,,,,,4984.5,1991
-2,35300,PEARLS,9995,21,,,,,10005,21,,,,,10000,109
-2,35400,BANANAS,4981,22,,,,,4986,2,4988,22,,,4983.5,1952.5
-2,35400,PEARLS,9995,22,,,,,10002,2,10005,22,,,9998.5,109
-2,35500,BANANAS,4986,1,4982,1,4981,22,4988,23,,,,,4987,1871.5
-2,35500,PEARLS,9996,1,9995,22,,,10004,1,10005,22,,,10000,109
-2,35600,BANANAS,4981,27,,,,,4988,27,,,,,4984.5,1903
-2,35600,PEARLS,10002,1,9995,27,,,10005,27,,,,,10003.5,109
-2,35700,BANANAS,4982,24,,,,,4988,1,4989,24,,,4985,1823.125
-2,35700,PEARLS,9996,1,9995,24,,,10004,1,10005,24,,,10000,111
-2,35800,PEARLS,9996,1,9995,26,,,10004,1,10005,26,,,10000,111
-2,35800,BANANAS,4981,27,,,,,4982,1,4988,27,,,4981.5,1884.5
-2,35900,PEARLS,9996,1,9995,22,,,10002,4,10004,1,10005,22,9999,111
-2,35900,BANANAS,4982,1,4981,22,,,4986,4,4988,23,,,4984,1828.25
-2,36000,PEARLS,9995,28,,,,,10005,28,,,,,10000,111
-2,36000,BANANAS,4984,6,4981,28,,,4988,28,,,,,4986,1876.875
-2,36100,PEARLS,9995,29,,,,,10005,29,,,,,10000,111
-2,36100,BANANAS,4982,29,,,,,4988,29,,,,,4985,1810.375
-2,36200,PEARLS,9998,3,9996,2,9995,28,10004,2,10005,28,,,10001,111
-2,36200,BANANAS,4983,3,4982,30,,,4989,30,,,,,4986,1711.25
-2,36300,PEARLS,9995,25,,,,,10005,25,,,,,10000,111
-2,36300,BANANAS,4982,25,,,,,4989,25,,,,,4985.5,1784.125
-2,36400,PEARLS,9996,1,9995,30,,,10002,3,10004,1,10005,30,9999,116
-2,36400,BANANAS,4982,31,,,,,4987,3,4988,1,4989,30,4984.5,1793.25
-2,36500,PEARLS,9995,24,,,,,10005,24,,,,,10000,116
-2,36500,BANANAS,4982,24,,,,,4989,24,,,,,4985.5,1789.625
-2,36600,BANANAS,4982,29,,,,,4989,29,,,,,4985.5,1671.75
-2,36600,PEARLS,9995,29,,,,,10005,29,,,,,10000,136
-2,36700,PEARLS,9996,2,9995,30,,,10004,2,10005,30,,,10000,136
-2,36700,BANANAS,4983,2,4982,30,,,4989,32,,,,,4986,1601.375
-2,36800,BANANAS,4982,23,,,,,4989,24,,,,,4985.5,1719.25
-2,36800,PEARLS,10000,3,9996,2,9995,22,10004,2,10005,22,,,10002,136
-2,36900,PEARLS,9996,1,9995,22,,,10004,1,10005,22,,,10000,136
-2,36900,BANANAS,4982,23,,,,,4989,23,,,,,4985.5,1673.875
-2,37000,BANANAS,4983,4,4982,26,,,4989,28,,,,,4986,1599.75
-2,37000,PEARLS,9998,2,9996,2,9995,26,10004,2,10005,26,,,10001,136
-2,37100,PEARLS,9995,20,,,,,10005,20,,,,,10000,136
-2,37100,BANANAS,4983,20,,,,,4985,5,4990,20,,,4984,1388.125
-2,37200,BANANAS,4983,29,,,,,4989,2,4990,27,,,4986,1555.75
-2,37200,PEARLS,9996,2,9995,27,,,10004,2,10005,27,,,10000,136
-2,37300,PEARLS,9996,2,9995,21,,,10004,2,10005,21,,,10000,136
-2,37300,BANANAS,4983,1,4982,21,,,4989,23,,,,,4986,1606.625
-2,37400,BANANAS,4983,30,,,,,4984,2,4990,30,,,4983.5,1473.375
-2,37400,PEARLS,10002,1,9995,30,,,10005,30,,,,,10003.5,136
-2,37500,PEARLS,9998,4,9996,1,9995,22,10004,1,10005,22,,,10001,138
-2,37500,BANANAS,4983,5,4982,22,,,4989,23,,,,,4986,1605.625
-2,37600,BANANAS,4982,23,,,,,4989,23,,,,,4985.5,1726.875
-2,37600,PEARLS,9996,1,9995,22,,,9998,1,10004,1,10005,22,9997,138
-2,37700,PEARLS,9996,1,9995,20,,,10004,1,10005,20,,,10000,138
-2,37700,BANANAS,4982,21,,,,,4984,5,4989,21,,,4983,1674.875
-2,37800,BANANAS,4983,11,4982,20,,,4989,22,,,,,4986,1572.375
-2,37800,PEARLS,9998,9,9996,2,9995,20,10004,2,10005,20,,,10001,138
-2,37900,PEARLS,9995,24,,,,,10005,24,,,,,10000,138
-2,37900,BANANAS,4982,24,,,,,4985,1,4989,24,,,4983.5,1640.125
-2,38000,PEARLS,9998,2,9995,25,,,10005,25,,,,,10001.5,118
-2,38000,BANANAS,4983,2,4982,25,,,4989,25,,,,,4986,1585.75
-2,38100,PEARLS,9996,1,9995,26,,,10004,1,10005,26,,,10000,118
-2,38100,BANANAS,4983,1,4982,26,,,4989,27,,,,,4986,1574.125
-2,38200,PEARLS,9996,2,9995,20,,,10004,2,10005,20,,,10000,118
-2,38200,BANANAS,4983,22,,,,,4990,22,,,,,4986.5,1421
-2,38300,PEARLS,10002,1,9996,2,9995,20,10004,2,10005,20,,,10003,118
-2,38300,BANANAS,4988,5,4983,22,,,4990,22,,,,,4989,1421.375
-2,38400,PEARLS,9996,2,9995,24,,,10004,2,10005,24,,,10000,118
-2,38400,BANANAS,4984,2,4983,24,,,4990,26,,,,,4987,1361.75
-2,38500,PEARLS,10002,6,9998,2,9995,21,10005,21,,,,,10003.5,126
-2,38500,BANANAS,4989,1,4984,2,4983,21,4990,21,,,,,4989.5,1457.75
-2,38600,PEARLS,9996,2,9995,27,,,10004,2,10005,27,,,10000,138
-2,38600,BANANAS,4983,29,,,,,4990,29,,,,,4986.5,1480
-2,38700,BANANAS,4983,32,,,,,4984,11,4990,32,,,4983.5,1490.625
-2,38700,PEARLS,10000,4,9996,2,9995,30,10004,2,10005,30,,,10002,138
-2,38800,BANANAS,4984,2,4983,22,,,4990,24,,,,,4987,1369.5
-2,38800,PEARLS,10000,6,9996,2,9995,22,10004,2,10005,22,,,10002,138
-2,38900,BANANAS,4984,20,,,,,4989,8,4991,21,,,4986.5,1304.875
-2,38900,PEARLS,9995,21,,,,,10002,8,10005,21,,,9998.5,138
-2,39000,BANANAS,4984,2,4983,28,,,4990,30,,,,,4987,1379.875
-2,39000,PEARLS,9996,2,9995,28,,,10004,2,10005,28,,,10000,128
-2,39100,BANANAS,4984,25,,,,,4989,5,4991,25,,,4986.5,1306.5
-2,39100,PEARLS,9995,25,,,,,10002,5,10005,25,,,9998.5,128
-2,39200,BANANAS,4984,22,,,,,4991,22,,,,,4987.5,1223.875
-2,39200,PEARLS,9996,2,9995,20,,,10004,2,10005,20,,,10000,138
-2,39300,BANANAS,4984,29,,,,,4991,29,,,,,4987.5,1236
-2,39300,PEARLS,9996,1,9995,28,,,10004,1,10005,28,,,10000,138
-2,39400,BANANAS,4984,25,,,,,4990,2,4991,24,,,4987,1257.5
-2,39400,PEARLS,9996,2,9995,24,,,10004,2,10005,24,,,10000,134
-2,39500,BANANAS,4989,1,4984,31,,,4990,2,4991,29,,,4989.5,1278.75
-2,39500,PEARLS,9996,2,9995,29,,,10004,2,10005,29,,,10000,134
-2,39600,BANANAS,4987,5,4983,28,,,4990,28,,,,,4988.5,1465.375
-2,39600,PEARLS,9996,2,9995,26,,,10004,2,10005,26,,,10000,134
-2,39700,BANANAS,4983,23,,,,,4990,23,,,,,4986.5,1445
-2,39700,PEARLS,9996,2,9995,21,,,10004,2,10005,21,,,10000,134
-2,39800,BANANAS,4983,24,,,,,4990,24,,,,,4986.5,1419.75
-2,39800,PEARLS,9995,24,,,,,9998,12,10005,24,,,9996.5,134
-2,39900,BANANAS,4983,23,,,,,4990,23,,,,,4986.5,1514.125
-2,39900,PEARLS,9995,23,,,,,10005,23,,,,,10000,134
-2,40000,BANANAS,4983,27,,,,,4990,27,,,,,4986.5,1433.5
-2,40000,PEARLS,9995,27,,,,,10005,27,,,,,10000,134
-2,40100,BANANAS,4983,27,,,,,4989,1,4990,26,,,4986,1583.25
-2,40100,PEARLS,9996,1,9995,26,,,10004,1,10005,26,,,10000,134
-2,40200,PEARLS,9996,2,9995,27,,,10004,2,10005,27,,,10000,134
-2,40200,BANANAS,4983,2,4982,27,,,4989,29,,,,,4986,1643.5
-2,40300,PEARLS,9998,9,9995,28,,,10005,28,,,,,10001.5,134
-2,40300,BANANAS,4983,9,4982,28,,,4989,28,,,,,4986,1695.5
-2,40400,PEARLS,9995,30,,,,,10005,30,,,,,10000,134
-2,40400,BANANAS,4983,30,,,,,4990,30,,,,,4986.5,1479.25
-2,40500,PEARLS,9996,1,9995,29,,,10004,1,10005,29,,,10000,134
-2,40500,BANANAS,4982,29,,,,,4983,6,4989,30,,,4982.5,1650.75
-2,40600,PEARLS,9995,29,,,,,10005,29,,,,,10000,134
-2,40600,BANANAS,4983,28,,,,,4990,29,,,,,4986.5,1586.5
-2,40700,PEARLS,9995,24,,,,,10005,24,,,,,10000,134
-2,40700,BANANAS,4983,24,,,,,4990,24,,,,,4986.5,1483.375
-2,40800,PEARLS,9995,24,,,,,10005,24,,,,,10000,134
-2,40800,BANANAS,4983,24,,,,,4990,24,,,,,4986.5,1442.125
-2,40900,BANANAS,4984,23,,,,,4991,23,,,,,4987.5,1312.75
-2,40900,PEARLS,9995,23,,,,,10005,23,,,,,10000,134
-2,41000,PEARLS,9995,24,,,,,10005,24,,,,,10000,134
-2,41000,BANANAS,4983,24,,,,,4990,24,,,,,4986.5,1423
-2,41100,PEARLS,9995,26,,,,,10005,26,,,,,10000,134
-2,41100,BANANAS,4982,26,,,,,4983,1,4989,26,,,4982.5,1673.25
-2,41200,BANANAS,4983,25,,,,,4990,25,,,,,4986.5,1586.375
-2,41200,PEARLS,10000,2,9995,25,,,10005,25,,,,,10002.5,134
-2,41300,BANANAS,4987,2,4982,30,,,4989,30,,,,,4988,1718.125
-2,41300,PEARLS,9996,2,9995,28,,,10004,2,10005,28,,,10000,134
-2,41400,PEARLS,9996,1,9995,30,,,10004,1,10005,30,,,10000,134
-2,41400,BANANAS,4982,31,,,,,4989,31,,,,,4985.5,1754.375
-2,41500,PEARLS,9996,2,9995,21,,,10000,5,10004,2,10005,21,9998,136
-2,41500,BANANAS,4982,2,4981,21,,,4988,23,,,,,4985,1884.25
-2,41600,BANANAS,4982,23,,,,,4989,23,,,,,4985.5,1768.75
-2,41600,PEARLS,9995,23,,,,,10005,23,,,,,10000,136
-2,41700,BANANAS,4982,29,,,,,4989,29,,,,,4985.5,1670
-2,41700,PEARLS,10002,1,9996,1,9995,28,10004,1,10005,28,,,10003,131
-2,41800,PEARLS,9998,9,9996,2,9995,29,10004,2,10005,29,,,10001,131
-2,41800,BANANAS,4983,9,4982,31,,,4989,31,,,,,4986,1749.75
-2,41900,PEARLS,9995,30,,,,,10000,3,10002,4,10005,30,9997.5,131
-2,41900,BANANAS,4982,30,,,,,4983,10,4987,4,4989,30,4982.5,1650.25
-2,42000,BANANAS,4982,20,,,,,4989,20,,,,,4985.5,1637
-2,42000,PEARLS,9995,20,,,,,10005,20,,,,,10000,131
-2,42100,BANANAS,4983,1,4982,20,,,4987,6,4989,21,,,4985,1652.75
-2,42100,PEARLS,9996,1,9995,20,,,10002,6,10004,1,10005,20,9999,131
-2,42200,PEARLS,9998,8,9996,2,9995,20,10004,2,10005,20,,,10001,131
-2,42200,BANANAS,4983,10,4982,20,,,4989,22,,,,,4986,1646.5
-2,42300,PEARLS,9995,24,,,,,10002,8,10005,24,,,9998.5,131
-2,42300,BANANAS,4982,24,,,,,4987,8,4989,24,,,4984.5,1669.125
-2,42400,PEARLS,9996,2,9995,25,,,10004,2,10005,25,,,10000,131
-2,42400,BANANAS,4983,2,4982,25,,,4989,27,,,,,4986,1608.75
-2,42500,PEARLS,9996,2,9995,22,,,10002,8,10004,2,10005,22,9999,131
-2,42500,BANANAS,4983,24,,,,,4988,8,4989,2,4990,22,4985.5,1573.75
-2,42600,PEARLS,9995,24,,,,,10002,3,10005,24,,,9998.5,131
-2,42600,BANANAS,4982,24,,,,,4987,3,4989,24,,,4984.5,1613.5
-2,42700,PEARLS,9996,1,9995,23,,,10004,1,10005,23,,,10000,131
-2,42700,BANANAS,4983,24,,,,,4990,24,,,,,4986.5,1499.875
-2,42800,PEARLS,9996,2,9995,25,,,9998,12,10004,2,10005,25,9997,131
-2,42800,BANANAS,4983,27,,,,,4989,2,4990,25,,,4986,1569.25
-2,42900,PEARLS,9996,2,9995,26,,,10002,4,10004,2,10005,26,9999,131
-2,42900,BANANAS,4983,28,,,,,4988,4,4989,2,4990,26,4985.5,1537.125
-2,43000,PEARLS,9995,21,,,,,10005,21,,,,,10000,133
-2,43000,BANANAS,4983,21,,,,,4990,21,,,,,4986.5,1491.25
-2,43100,PEARLS,9995,21,,,,,10005,21,,,,,10000,133
-2,43100,BANANAS,4983,21,,,,,4990,21,,,,,4986.5,1323.375
-2,43200,BANANAS,4984,1,4983,28,,,4990,29,,,,,4987,1387.5
-2,43200,PEARLS,9996,1,9995,28,,,10004,1,10005,28,,,10000,143
-2,43300,BANANAS,4984,25,,,,,4991,25,,,,,4987.5,1188.25
-2,43300,PEARLS,9996,2,9995,23,,,10004,2,10005,23,,,10000,143
-2,43400,BANANAS,4984,28,,,,,4991,28,,,,,4987.5,1168.25
-2,43400,PEARLS,10002,1,9995,28,,,10005,28,,,,,10003.5,143
-2,43500,BANANAS,4984,23,,,,,4991,24,,,,,4987.5,1187.25
-2,43500,PEARLS,9996,2,9995,22,,,10004,2,10005,22,,,10000,145
-2,43600,BANANAS,4984,22,,,,,4989,8,4990,2,4991,20,4986.5,1264.75
-2,43600,PEARLS,9996,2,9995,20,,,10002,8,10004,2,10005,20,9999,145
-2,43700,BANANAS,4989,1,4985,8,4984,30,4991,30,,,,,4990,1197.625
-2,43700,PEARLS,9998,7,9996,1,9995,29,10004,1,10005,29,,,10001,143
-2,43800,BANANAS,4984,29,,,,,4991,29,,,,,4987.5,1192.25
-2,43800,PEARLS,10002,1,9996,2,9995,27,10004,2,10005,27,,,10003,143
-2,43900,BANANAS,4984,6,4983,22,,,4990,24,,,,,4987,1316.25
-2,43900,PEARLS,9998,5,9996,2,9995,22,10004,2,10005,22,,,10001,143
-2,44000,BANANAS,4983,30,,,,,4990,30,,,,,4986.5,1453.25
-2,44000,PEARLS,9996,1,9995,29,,,9998,1,10004,1,10005,29,9997,151
-2,44100,BANANAS,4983,30,,,,,4990,30,,,,,4986.5,1518
-2,44100,PEARLS,9995,30,,,,,10005,30,,,,,10000,149
-2,44200,BANANAS,4983,27,,,,,4989,1,4990,26,,,4986,1596.75
-2,44200,PEARLS,9996,1,9995,26,,,10004,1,10005,26,,,10000,149
-2,44300,BANANAS,4984,6,4983,28,,,4990,28,,,,,4987,1470.375
-2,44300,PEARLS,9998,6,9996,1,9995,27,10004,1,10005,27,,,10001,149
-2,44400,BANANAS,4985,3,4984,23,,,4990,2,4991,21,,,4987.5,1311
-2,44400,PEARLS,9998,3,9996,2,9995,21,10004,2,10005,21,,,10001,149
-2,44500,BANANAS,4984,29,,,,,4991,29,,,,,4987.5,1210.5
-2,44500,PEARLS,9996,2,9995,27,,,10004,2,10005,27,,,10000,149
-2,44600,BANANAS,4984,26,,,,,4991,26,,,,,4987.5,1169.125
-2,44600,PEARLS,9995,26,,,,,10005,26,,,,,10000,149
-2,44700,PEARLS,9998,4,9996,1,9995,27,10004,1,10005,27,,,10001,149
-2,44700,BANANAS,4989,1,4985,4,4984,28,4991,28,,,,,4990,1219.25
-2,44800,PEARLS,9996,1,9995,23,,,10004,1,10005,23,,,10000,149
-2,44800,BANANAS,4984,24,,,,,4991,24,,,,,4987.5,1214.75
-2,44900,PEARLS,9995,30,,,,,10005,30,,,,,10000,145
-2,44900,BANANAS,4984,30,,,,,4991,30,,,,,4987.5,1111.875
-2,45000,PEARLS,10002,2,9996,2,9995,23,10004,2,10005,23,,,10003,145
-2,45000,BANANAS,4985,25,,,,,4986,1,4992,25,,,4985.5,863.875
-2,45100,PEARLS,9996,1,9995,25,,,10004,1,10005,25,,,10000,145
-2,45100,BANANAS,4986,1,4985,25,,,4992,26,,,,,4989,757.875
-2,45200,PEARLS,9995,24,,,,,10005,24,,,,,10000,141
-2,45200,BANANAS,4985,24,,,,,4992,24,,,,,4988.5,788
-2,45300,PEARLS,9996,1,9995,29,,,10004,1,10005,29,,,10000,141
-2,45300,BANANAS,4986,1,4985,29,,,4992,30,,,,,4989,783.875
-2,45400,BANANAS,4985,25,,,,,4992,25,,,,,4988.5,840.375
-2,45400,PEARLS,9996,1,9995,24,,,10004,1,10005,24,,,10000,141
-2,45500,PEARLS,9996,1,9995,28,,,10004,1,10005,28,,,10000,141
-2,45500,BANANAS,4990,1,4985,29,,,4992,29,,,,,4991,932.125
-2,45600,BANANAS,4985,27,,,,,4990,8,4992,27,,,4987.5,953.75
-2,45600,PEARLS,9995,27,,,,,9998,1,10002,8,10005,27,9996.5,141
-2,45700,PEARLS,9996,1,9995,21,,,10004,1,10005,21,,,10000,141
-2,45700,BANANAS,4985,22,,,,,4992,22,,,,,4988.5,944.625
-2,45800,BANANAS,4986,21,,,,,4987,1,4992,1,4993,20,4986.5,724.5
-2,45800,PEARLS,9996,1,9995,20,,,10004,1,10005,20,,,10000,141
-2,45900,PEARLS,9996,2,9995,26,,,10002,8,10004,2,10005,26,9999,97
-2,45900,BANANAS,4991,4,4986,28,,,4992,2,4993,26,,,4991.5,731.875
-2,46000,BANANAS,4986,26,,,,,4993,26,,,,,4989.5,569.75
-2,46000,PEARLS,9995,26,,,,,10005,26,,,,,10000,97
-2,46100,PEARLS,9996,1,9995,23,,,10004,1,10005,23,,,10000,97
-2,46100,BANANAS,4987,24,,,,,4994,24,,,,,4990.5,348.75
-2,46200,BANANAS,4988,3,4987,20,,,4994,20,,,,,4991,339
-2,46200,PEARLS,10000,2,9998,3,9995,20,10005,20,,,,,10002.5,95
-2,46300,PEARLS,9995,23,,,,,10002,1,10005,23,,,9998.5,95
-2,46300,BANANAS,4987,23,,,,,4992,1,4994,23,,,4989.5,137.875
-2,46400,BANANAS,4988,26,,,,,4995,26,,,,,4991.5,44.375
-2,46400,PEARLS,9995,26,,,,,10005,26,,,,,10000,90
-2,46500,PEARLS,9996,2,9995,24,,,10004,2,10005,24,,,10000,90
-2,46500,BANANAS,4988,26,,,,,4994,2,4995,24,,,4991,97
-2,46600,BANANAS,4988,22,,,,,4994,1,4995,21,,,4991,64
-2,46600,PEARLS,9996,1,9995,21,,,10004,1,10005,21,,,10000,90
-2,46700,PEARLS,9998,10,9995,27,,,10005,27,,,,,10001.5,90
-2,46700,BANANAS,4989,10,4988,27,,,4995,27,,,,,4992,61.375
-2,46800,BANANAS,4988,30,,,,,4994,1,4995,30,,,4991,87.75
-2,46800,PEARLS,9996,1,9995,30,,,10000,5,10004,1,10005,30,9998,90
-2,46900,PEARLS,9996,1,9995,30,,,10004,1,10005,30,,,10000,86
-2,46900,BANANAS,4988,31,,,,,4994,1,4995,30,,,4991,106.875
-2,47000,PEARLS,9995,29,,,,,10005,29,,,,,10000,86
-2,47000,BANANAS,4988,29,,,,,4995,29,,,,,4991.5,89
-2,47100,PEARLS,9996,2,9995,26,,,10002,10,10004,2,10005,26,9999,86
-2,47100,BANANAS,4988,28,,,,,4993,10,4995,28,,,4990.5,34.125
-2,47200,PEARLS,10000,5,9996,1,9995,25,10002,1,10004,1,10005,25,10001,86
-2,47200,BANANAS,4988,1,4987,25,,,4994,26,,,,,4991,148.625
-2,47300,PEARLS,9996,2,9995,29,,,10004,2,10005,29,,,10000,86
-2,47300,BANANAS,4987,29,,,,,4988,5,4994,31,,,4987.5,144.25
-2,47400,PEARLS,9996,2,9995,27,,,10002,7,10004,2,10005,27,9999,86
-2,47400,BANANAS,4987,28,,,,,4992,7,4994,29,,,4989.5,336.25
-2,47500,PEARLS,9996,1,9995,26,,,10004,1,10005,26,,,10000,86
-2,47500,BANANAS,4992,1,4987,27,,,4994,27,,,,,4993,303
-2,47600,BANANAS,4987,27,,,,,4994,27,,,,,4990.5,223.125
-2,47600,PEARLS,9996,1,9995,26,,,10004,1,10005,26,,,10000,86
-2,47700,BANANAS,4987,24,,,,,4988,1,4992,8,4994,24,4987.5,202.375
-2,47700,PEARLS,9996,2,9995,22,,,10002,8,10004,2,10005,22,9999,86
-2,47800,BANANAS,4987,25,,,,,4994,25,,,,,4990.5,163
-2,47800,PEARLS,9995,25,,,,,10005,25,,,,,10000,86
-2,47900,BANANAS,4988,26,,,,,4994,2,4995,24,,,4991,87.25
-2,47900,PEARLS,9996,2,9995,24,,,10004,2,10005,24,,,10000,86
-2,48000,BANANAS,4987,28,,,,,4989,5,4994,28,,,4988,173.125
-2,48000,PEARLS,9995,28,,,,,9998,1,10005,28,,,9996.5,86
-2,48100,BANANAS,4987,24,,,,,4994,24,,,,,4990.5,204.375
-2,48100,PEARLS,9996,2,9995,22,,,10004,2,10005,22,,,10000,86
-2,48200,BANANAS,4988,9,4987,24,,,4990,5,4994,25,,,4989,138.75
-2,48200,PEARLS,9998,8,9996,1,9995,24,10004,1,10005,24,,,10001,86
-2,48300,BANANAS,4991,6,4988,26,,,4995,26,,,,,4993,3.375
-2,48300,PEARLS,9995,26,,,,,10005,26,,,,,10000,86
-2,48400,BANANAS,4988,30,,,,,4995,30,,,,,4991.5,-48.5
-2,48400,PEARLS,9996,2,9995,28,,,10004,2,10005,28,,,10000,81
-2,48500,BANANAS,4989,25,,,,,4996,25,,,,,4992.5,-383.25
-2,48500,PEARLS,9995,25,,,,,10005,25,,,,,10000,81
-2,48600,BANANAS,4990,2,4989,24,,,4992,3,4996,24,,,4991,-374.5
-2,48600,PEARLS,9998,3,9996,2,9995,22,10004,2,10005,22,,,10001,81
-2,48700,BANANAS,4989,21,,,,,4990,1,4996,21,,,4989.5,-506.75
-2,48700,PEARLS,9995,21,,,,,10005,21,,,,,10000,85
-2,48800,BANANAS,4991,9,4990,25,,,4997,25,,,,,4994,-673.875
-2,48800,PEARLS,9998,9,9996,1,9995,24,10004,1,10005,24,,,10001,85
-2,48900,BANANAS,4990,27,,,,,4997,28,,,,,4993.5,-659.125
-2,48900,PEARLS,9996,1,9995,27,,,10004,1,10005,27,,,10000,85
-2,49000,BANANAS,4990,1,4989,20,,,4996,21,,,,,4993,-550.25
-2,49000,PEARLS,9996,1,9995,20,,,10004,1,10005,20,,,10000,85
-2,49100,PEARLS,9996,1,9995,27,,,9998,1,10004,1,10005,27,9997,85
-2,49100,BANANAS,4989,28,,,,,4996,28,,,,,4992.5,-393.25
-2,49200,PEARLS,9998,7,9995,29,,,10005,29,,,,,10001.5,85
-2,49200,BANANAS,4990,7,4989,29,,,4991,3,4996,29,,,4990.5,-414.375
-2,49300,PEARLS,9998,8,9995,22,,,10005,22,,,,,10001.5,85
-2,49300,BANANAS,4990,8,4989,22,,,4996,22,,,,,4993,-561.25
-2,49400,PEARLS,10002,1,9995,21,,,10005,21,,,,,10003.5,90
-2,49400,BANANAS,4990,20,,,,,4997,21,,,,,4993.5,-597.25
-2,49500,PEARLS,9996,1,9995,29,,,10004,1,10005,29,,,10000,90
-2,49500,BANANAS,4995,1,4990,30,,,4996,1,4997,29,,,4995.5,-620
-2,49600,PEARLS,9996,1,9995,29,,,10002,2,10004,1,10005,29,9999,90
-2,49600,BANANAS,4990,30,,,,,4995,2,4996,1,4997,29,4992.5,-569.25
-2,49700,PEARLS,9995,27,,,,,10005,27,,,,,10000,90
-2,49700,BANANAS,4990,27,,,,,4997,27,,,,,4993.5,-643.625
-2,49800,BANANAS,4989,26,,,,,4996,26,,,,,4992.5,-363.5
-2,49800,PEARLS,9996,2,9995,24,,,10004,2,10005,24,,,10000,80
-2,49900,BANANAS,4989,21,,,,,4996,22,,,,,4992.5,-397.875
-2,49900,PEARLS,9995,22,,,,,10005,22,,,,,10000,80
-2,50000,PEARLS,9996,1,9995,27,,,10004,1,10005,27,,,10000,80
-2,50000,BANANAS,4989,28,,,,,4996,28,,,,,4992.5,-401.375
-2,50100,PEARLS,9995,30,,,,,10005,30,,,,,10000,80
-2,50100,BANANAS,4988,30,,,,,4995,30,,,,,4991.5,-216.875
-2,50200,BANANAS,4990,2,4989,29,,,4996,31,,,,,4993,-509.125
-2,50200,PEARLS,9996,2,9995,29,,,10004,2,10005,29,,,10000,80
-2,50300,BANANAS,4989,20,,,,,4995,1,4996,20,,,4992,-327.875
-2,50300,PEARLS,10000,2,9996,1,9995,20,10004,1,10005,20,,,10002,76
-2,50400,PEARLS,9996,2,9995,21,,,10004,2,10005,21,,,10000,76
-2,50400,BANANAS,4989,2,4988,21,,,4995,23,,,,,4992,-181.875
-2,50500,PEARLS,9998,9,9996,2,9995,26,10004,2,10005,26,,,10001,68
-2,50500,BANANAS,4989,9,4988,28,,,4995,28,,,,,4992,-23.875
-2,50600,BANANAS,4988,22,,,,,4995,22,,,,,4991.5,-174.75
-2,50600,PEARLS,9995,22,,,,,10005,22,,,,,10000,68
-2,50700,BANANAS,4988,27,,,,,4995,27,,,,,4991.5,-53.625
-2,50700,PEARLS,9996,1,9995,26,,,10004,1,10005,26,,,10000,68
-2,50800,PEARLS,9998,10,9995,30,,,10005,30,,,,,10001.5,68
-2,50800,BANANAS,4989,10,4988,30,,,4995,30,,,,,4992,-144.25
-2,50900,PEARLS,9996,2,9995,24,,,10002,1,10004,2,10005,24,9999,68
-2,50900,BANANAS,4989,2,4988,24,,,4993,1,4995,26,,,4991,-223.75
-2,51000,BANANAS,4989,26,,,,,4994,8,4995,2,4996,25,4991.5,-261.875
-2,51000,PEARLS,9996,2,9995,25,,,9998,1,10002,8,10004,2,9997,60
-2,51100,BANANAS,4988,31,,,,,4993,3,4995,31,,,4990.5,-83.375
-2,51100,PEARLS,9996,1,9995,30,,,9998,7,10002,3,10004,1,9997,58
-2,51200,PEARLS,9998,6,9996,2,9995,27,10004,2,10005,27,,,10001,58
-2,51200,BANANAS,4989,6,4988,29,,,4995,29,,,,,4992,0.5
-2,51300,PEARLS,9995,26,,,,,10005,26,,,,,10000,58
-2,51300,BANANAS,4994,1,4988,26,,,4995,26,,,,,4994.5,-227.5
-2,51400,PEARLS,9996,2,9995,20,,,9998,1,10004,2,10005,20,9997,58
-2,51400,BANANAS,4988,22,,,,,4995,22,,,,,4991.5,-48.625
-2,51500,PEARLS,9996,2,9995,29,,,10004,2,10005,29,,,10000,58
-2,51500,BANANAS,4988,31,,,,,4994,2,4995,29,,,4991,65.5
-2,51600,PEARLS,9996,2,9995,30,,,10002,1,10004,2,10005,30,9999,58
-2,51600,BANANAS,4991,2,4988,32,,,4993,1,4994,2,4995,30,4992,48.625
-2,51700,PEARLS,9998,3,9996,1,9995,20,10004,1,10005,20,,,10001,60
-2,51700,BANANAS,4989,3,4988,21,,,4995,21,,,,,4992,-64.25
-2,51800,PEARLS,9996,1,9995,21,,,10004,1,10005,21,,,10000,60
-2,51800,BANANAS,4988,22,,,,,4995,22,,,,,4991.5,-99.625
-2,51900,PEARLS,10002,10,9996,1,9995,23,10004,1,10005,23,,,10003,64
-2,51900,BANANAS,4988,24,,,,,4993,2,4995,24,,,4990.5,-205.125
-2,52000,BANANAS,4988,23,,,,,4995,23,,,,,4991.5,-52.875
-2,52000,PEARLS,9996,1,9995,22,,,9998,2,10004,1,10005,22,9997,64
-2,52100,BANANAS,4988,24,,,,,4995,24,,,,,4991.5,-187.125
-2,52100,PEARLS,9996,1,9995,23,,,10004,1,10005,23,,,10000,60
-2,52200,BANANAS,4989,1,4988,24,,,4991,3,4993,3,4995,26,4990,-270.75
-2,52200,PEARLS,9996,2,9995,24,,,9998,1,10002,3,10004,2,9997,60
-2,52300,BANANAS,4988,28,,,,,4995,29,,,,,4991.5,-46
-2,52300,PEARLS,10000,4,9996,1,9995,28,10004,1,10005,28,,,10002,60
-2,52400,BANANAS,4989,1,4988,20,,,4995,21,,,,,4992,-266.25
-2,52400,PEARLS,9996,1,9995,20,,,10004,1,10005,20,,,10000,60
-2,52500,BANANAS,4990,1,4989,30,,,4996,31,,,,,4993,-594.25
-2,52500,PEARLS,9996,1,9995,30,,,10004,1,10005,30,,,10000,60
-2,52600,BANANAS,4989,25,,,,,4996,25,,,,,4992.5,-483.875
-2,52600,PEARLS,9996,1,9995,24,,,10004,1,10005,24,,,10000,60
-2,52700,BANANAS,4989,21,,,,,4996,21,,,,,4992.5,-491.625
-2,52700,PEARLS,10002,3,9996,1,9995,20,10004,1,10005,20,,,10003,60
-2,52800,BANANAS,4990,22,,,,,4997,22,,,,,4993.5,-691.375
-2,52800,PEARLS,9995,22,,,,,10005,22,,,,,10000,66
-2,52900,BANANAS,4989,25,,,,,4996,25,,,,,4992.5,-478.875
-2,52900,PEARLS,9995,25,,,,,10005,25,,,,,10000,66
-2,53000,BANANAS,4989,4,4988,22,,,4995,22,,,,,4992,-193.75
-2,53000,PEARLS,9998,3,9996,1,9995,21,10004,1,10005,21,,,10001,64
-2,53100,BANANAS,4988,23,,,,,4994,1,4995,22,,,4991,-7.875
-2,53100,PEARLS,9996,1,9995,22,,,10004,1,10005,22,,,10000,64
-2,53200,BANANAS,4988,2,4987,26,,,4994,28,,,,,4991,73.75
-2,53200,PEARLS,10002,1,9996,2,9995,26,10004,2,10005,26,,,10003,64
-2,53300,BANANAS,4987,25,,,,,4992,8,4994,25,,,4989.5,156.75
-2,53300,PEARLS,9996,2,9995,23,,,9998,2,10002,8,10004,2,9997,66
-2,53400,BANANAS,4988,1,4987,27,,,4994,28,,,,,4991,70
-2,53400,PEARLS,9996,1,9995,27,,,10004,1,10005,27,,,10000,62
-2,53500,PEARLS,9995,21,,,,,10002,3,10005,21,,,9998.5,62
-2,53500,BANANAS,4988,21,,,,,4993,2,4995,21,,,4990.5,63.25
-2,53600,PEARLS,9998,2,9996,2,9995,25,10004,2,10005,25,,,10001,62
-2,53600,BANANAS,4988,2,4987,27,,,4994,27,,,,,4991,247.5
-2,53700,PEARLS,9996,2,9995,21,,,10004,2,10005,21,,,10000,60
-2,53700,BANANAS,4988,2,4987,21,,,4989,2,4994,23,,,4988.5,112.875
-2,53800,PEARLS,9996,1,9995,24,,,10000,6,10004,1,10005,24,9998,68
-2,53800,BANANAS,4988,25,,,,,4995,25,,,,,4991.5,-181.75
-2,53900,PEARLS,9996,1,9995,30,,,10002,9,10004,1,10005,30,9999,70
-2,53900,BANANAS,4989,31,,,,,4994,10,4995,1,4996,30,4991.5,-367.625
-2,54000,PEARLS,9998,3,9996,1,9995,30,10004,1,10005,30,,,10001,70
-2,54000,BANANAS,4990,3,4989,31,,,4996,31,,,,,4993,-521.5
-2,54100,PEARLS,9998,10,9996,1,9995,26,10004,1,10005,26,,,10001,70
-2,54100,BANANAS,4990,10,4989,27,,,4996,27,,,,,4993,-524.25
-2,54200,PEARLS,9996,2,9995,28,,,9998,1,10004,2,10005,28,9997,70
-2,54200,BANANAS,4990,2,4989,28,,,4996,30,,,,,4993,-677
-2,54300,PEARLS,9996,2,9995,22,,,9998,1,10004,2,10005,22,9997,70
-2,54300,BANANAS,4989,24,,,,,4996,24,,,,,4992.5,-526.375
-2,54400,BANANAS,4989,30,,,,,4996,30,,,,,4992.5,-643
-2,54400,PEARLS,9996,1,9995,29,,,10004,1,10005,29,,,10000,68
-2,54500,PEARLS,9996,2,9995,22,,,9998,1,10004,2,10005,22,9997,68
-2,54500,BANANAS,4989,24,,,,,4996,24,,,,,4992.5,-629
-2,54600,BANANAS,4990,24,,,,,4991,3,4996,1,4997,24,4990.5,-807.75
-2,54600,PEARLS,9996,1,9995,24,,,10004,1,10005,24,,,10000,68
-2,54700,PEARLS,9996,1,9995,24,,,10004,1,10005,24,,,10000,44
-2,54700,BANANAS,4995,1,4990,25,,,4997,25,,,,,4996,-887.125
-2,54800,BANANAS,4990,2,4989,29,,,4994,5,4996,31,,,4992,-713.25
-2,54800,PEARLS,9996,2,9995,29,,,10002,5,10004,2,10005,29,9999,44
-2,54900,PEARLS,9996,1,9995,24,,,10002,1,10004,1,10005,24,9999,50
-2,54900,BANANAS,4990,1,4989,24,,,4994,4,4996,25,,,4992,-733.25
-2,55000,BANANAS,4991,4,4990,24,,,4997,24,,,,,4994,-924.875
-2,55000,PEARLS,9998,4,9996,1,9995,23,10000,3,10004,1,10005,23,9999,50
-2,55100,PEARLS,9995,21,,,,,10005,21,,,,,10000,50
-2,55100,BANANAS,4989,21,,,,,4996,21,,,,,4992.5,-746.625
-2,55200,BANANAS,4995,1,4989,21,,,4996,21,,,,,4995.5,-658.25
-2,55200,PEARLS,9996,1,9995,20,,,10004,1,10005,20,,,10000,50
-2,55300,PEARLS,9995,29,,,,,10005,29,,,,,10000,50
-2,55300,BANANAS,4989,29,,,,,4996,29,,,,,4992.5,-534.25
-2,55400,BANANAS,4991,6,4989,1,4988,27,4995,28,,,,,4993,-297.75
-2,55400,PEARLS,9996,1,9995,27,,,10004,1,10005,27,,,10000,50
-2,55500,PEARLS,9996,2,9995,29,,,10004,2,10005,29,,,10000,50
-2,55500,BANANAS,4989,31,,,,,4995,2,4996,29,,,4992,-449.125
-2,55600,BANANAS,4989,29,,,,,4990,1,4996,29,,,4989.5,-655.875
-2,55600,PEARLS,9995,29,,,,,10005,29,,,,,10000,50
-2,55700,PEARLS,9995,21,,,,,10005,21,,,,,10000,50
-2,55700,BANANAS,4990,21,,,,,4997,21,,,,,4993.5,-781.875
-2,55800,PEARLS,9996,2,9995,20,,,10004,2,10005,20,,,10000,50
-2,55800,BANANAS,4990,22,,,,,4996,2,4997,20,,,4993,-819.875
-2,55900,PEARLS,9996,1,9995,26,,,10004,1,10005,26,,,10000,50
-2,55900,BANANAS,4990,27,,,,,4996,1,4997,26,,,4993,-811.375
-2,56000,PEARLS,9995,29,,,,,10005,29,,,,,10000,50
-2,56000,BANANAS,4990,29,,,,,4997,29,,,,,4993.5,-848.875
-2,56100,PEARLS,9996,1,9995,22,,,10004,1,10005,22,,,10000,50
-2,56100,BANANAS,4990,1,4989,22,,,4996,23,,,,,4993,-733.125
-2,56200,PEARLS,9995,23,,,,,10005,23,,,,,10000,54
-2,56200,BANANAS,4990,23,,,,,4997,23,,,,,4993.5,-871.125
-2,56300,PEARLS,9996,2,9995,29,,,10002,4,10004,2,10005,29,9999,54
-2,56300,BANANAS,4990,31,,,,,4991,1,4995,4,4997,31,4990.5,-1036.5
-2,56400,PEARLS,9996,1,9995,24,,,10004,1,10005,24,,,10000,54
-2,56400,BANANAS,4991,25,,,,,4997,1,4998,24,,,4994,-1183.75
-2,56500,BANANAS,4995,11,4991,12,4990,20,4997,22,,,,,4996,-1102.25
-2,56500,PEARLS,9998,9,9996,2,9995,20,10004,2,10005,20,,,10001,52
-2,56600,BANANAS,4991,2,4990,26,,,4997,28,,,,,4994,-1102.125
-2,56600,PEARLS,9996,2,9995,26,,,10004,2,10005,26,,,10000,52
-2,56700,BANANAS,4991,2,4990,20,,,4997,22,,,,,4994,-1074.75
-2,56700,PEARLS,10002,1,9996,2,9995,20,10004,2,10005,20,,,10003,52
-2,56800,BANANAS,4992,4,4991,25,,,4998,25,,,,,4995,-1387.375
-2,56800,PEARLS,9998,4,9996,2,9995,23,10004,2,10005,23,,,10001,54
-2,56900,BANANAS,4991,21,,,,,4998,21,,,,,4994.5,-1416.875
-2,56900,PEARLS,9996,1,9995,20,,,10004,1,10005,20,,,10000,54
-2,57000,BANANAS,4991,2,4990,30,,,4997,32,,,,,4994,-1105
-2,57000,PEARLS,9996,2,9995,30,,,10004,2,10005,30,,,10000,54
-2,57100,BANANAS,4991,24,,,,,4998,24,,,,,4994.5,-1167.625
-2,57100,PEARLS,10002,1,9995,24,,,10005,24,,,,,10003.5,58
-2,57200,BANANAS,4991,24,,,,,4998,24,,,,,4994.5,-1479.625
-2,57200,PEARLS,10002,1,9995,24,,,10005,24,,,,,10003.5,60
-2,57300,BANANAS,4992,21,,,,,4999,21,,,,,4995.5,-1593
-2,57300,PEARLS,10002,1,9995,21,,,10005,21,,,,,10003.5,62
-2,57400,BANANAS,4992,25,,,,,4997,3,4999,25,,,4994.5,-1737
-2,57400,PEARLS,9996,2,9995,23,,,10002,4,10004,2,10005,23,9999,64
-2,57500,BANANAS,4992,25,,,,,4999,25,,,,,4995.5,-1742.75
-2,57500,PEARLS,9996,2,9995,23,,,10004,2,10005,23,,,10000,64
-2,57600,BANANAS,4991,32,,,,,4998,32,,,,,4994.5,-1414.25
-2,57600,PEARLS,9996,2,9995,30,,,10004,2,10005,30,,,10000,64
-2,57700,BANANAS,4991,1,4990,25,,,4997,26,,,,,4994,-1112.875
-2,57700,PEARLS,10002,2,9996,1,9995,25,10004,1,10005,25,,,10003,64
-2,57800,BANANAS,4990,28,,,,,4997,29,,,,,4993.5,-911
-2,57800,PEARLS,9995,29,,,,,10005,29,,,,,10000,68
-2,57900,BANANAS,4993,1,4990,30,,,4997,30,,,,,4995,-889.5
-2,57900,PEARLS,9996,2,9995,28,,,10004,2,10005,28,,,10000,68
-2,58000,PEARLS,10000,3,9996,1,9995,22,10004,1,10005,22,,,10002,68
-2,58000,BANANAS,4990,23,,,,,4991,2,4997,23,,,4990.5,-943.5
-2,58100,PEARLS,9998,6,9996,1,9995,27,10004,1,10005,27,,,10001,68
-2,58100,BANANAS,4991,6,4990,28,,,4997,28,,,,,4994,-1058.75
-2,58200,PEARLS,9998,9,9996,1,9995,25,10004,1,10005,25,,,10001,68
-2,58200,BANANAS,4991,9,4990,26,,,4997,26,,,,,4994,-1001.5
-2,58300,PEARLS,9995,22,,,,,10005,22,,,,,10000,68
-2,58300,BANANAS,4996,1,4990,22,,,4997,22,,,,,4996.5,-1161.25
-2,58400,PEARLS,9996,1,9995,28,,,10004,1,10005,28,,,10000,68
-2,58400,BANANAS,4991,1,4990,28,,,4997,29,,,,,4994,-1114
-2,58500,PEARLS,9998,1,9996,2,9995,21,10004,2,10005,21,,,10001,64
-2,58500,BANANAS,4991,1,4990,23,,,4997,23,,,,,4994,-995.75
-2,58600,PEARLS,9995,29,,,,,9998,1,10002,10,10005,29,9996.5,64
-2,58600,BANANAS,4990,29,,,,,4995,10,4997,29,,,4992.5,-1138.25
-2,58700,PEARLS,9996,2,9995,28,,,10004,2,10005,28,,,10000,62
-2,58700,BANANAS,4990,30,,,,,4997,30,,,,,4993.5,-970.25
-2,58800,BANANAS,4989,21,,,,,4994,10,4996,22,,,4991.5,-505.5
-2,58800,PEARLS,9996,1,9995,21,,,10002,10,10004,1,10005,21,9999,62
-2,58900,BANANAS,4989,26,,,,,4995,1,4996,25,,,4992,-322.75
-2,58900,PEARLS,9996,1,9995,25,,,10004,1,10005,25,,,10000,62
-2,59000,PEARLS,9995,22,,,,,10005,22,,,,,10000,62
-2,59000,BANANAS,4989,22,,,,,4996,22,,,,,4992.5,-338.75
-2,59100,PEARLS,9996,2,9995,26,,,10004,2,10005,26,,,10000,62
-2,59100,BANANAS,4988,2,4987,26,,,4994,28,,,,,4991,191
-2,59200,BANANAS,4987,24,,,,,4994,24,,,,,4990.5,252.75
-2,59200,PEARLS,9995,24,,,,,10005,24,,,,,10000,62
-2,59300,BANANAS,4987,24,,,,,4994,24,,,,,4990.5,310
-2,59300,PEARLS,9996,1,9995,23,,,9998,1,10004,1,10005,23,9997,62
-2,59400,PEARLS,10002,1,9996,2,9995,27,10004,2,10005,27,,,10003,62
-2,59400,BANANAS,4987,29,,,,,4993,2,4994,27,,,4990,555.5
-2,59500,PEARLS,9995,26,,,,,10005,26,,,,,10000,62
-2,59500,BANANAS,4986,26,,,,,4993,26,,,,,4989.5,810.5
-2,59600,BANANAS,4987,4,4986,28,,,4992,1,4993,27,,,4989.5,890.25
-2,59600,PEARLS,9998,4,9996,1,9995,27,10004,1,10005,27,,,10001,82
-2,59700,BANANAS,4986,21,,,,,4991,6,4992,1,4993,20,4988.5,984.5
-2,59700,PEARLS,10002,1,9996,1,9995,20,10004,1,10005,20,,,10003,94
-2,59800,PEARLS,9996,2,9995,22,,,10000,5,10004,2,10005,22,9998,94
-2,59800,BANANAS,4986,24,,,,,4993,24,,,,,4989.5,768.5
-2,59900,PEARLS,9996,1,9995,22,,,10004,1,10005,22,,,10000,94
-2,59900,BANANAS,4986,23,,,,,4987,1,4993,23,,,4986.5,704.25
-2,60000,BANANAS,4991,1,4986,26,,,4993,26,,,,,4992,976.25
-2,60000,PEARLS,9995,26,,,,,10005,26,,,,,10000,94
-2,60100,BANANAS,4985,24,,,,,4992,24,,,,,4988.5,1125.5
-2,60100,PEARLS,9996,1,9995,23,,,9998,1,10004,1,10005,23,9997,94
-2,60200,PEARLS,9996,1,9995,23,,,10004,1,10005,23,,,10000,94
-2,60200,BANANAS,4988,1,4986,1,4985,23,4992,24,,,,,4990,1004.5
-2,60300,PEARLS,9996,2,9995,26,,,10004,2,10005,26,,,10000,86
-2,60300,BANANAS,4991,13,4986,28,,,4993,28,,,,,4992,675
-2,60400,PEARLS,9996,2,9995,20,,,10004,2,10005,20,,,10000,52
-2,60400,BANANAS,4987,2,4986,20,,,4993,22,,,,,4990,623
-2,60500,PEARLS,9996,1,9995,29,,,9998,1,10004,1,10005,29,9997,52
-2,60500,BANANAS,4987,30,,,,,4993,1,4994,29,,,4990,568
-2,60600,PEARLS,9996,1,9995,26,,,10004,1,10005,26,,,10000,50
-2,60600,BANANAS,4987,26,,,,,4994,27,,,,,4990.5,234.25
-2,60700,PEARLS,9996,1,9995,26,,,10004,1,10005,26,,,10000,50
-2,60700,BANANAS,4990,3,4987,27,,,4994,27,,,,,4992,238.75
-2,60800,PEARLS,9996,1,9995,20,,,10002,6,10004,1,10005,20,9999,50
-2,60800,BANANAS,4987,21,,,,,4992,6,4994,21,,,4989.5,294
-2,60900,BANANAS,4987,22,,,,,4993,1,4994,21,,,4990,540.75
-2,60900,PEARLS,9996,1,9995,21,,,10004,1,10005,21,,,10000,50
-2,61000,BANANAS,4986,22,,,,,4993,22,,,,,4989.5,633
-2,61000,PEARLS,9995,22,,,,,10005,22,,,,,10000,50
-2,61100,BANANAS,4987,29,,,,,4994,29,,,,,4990.5,242.5
-2,61100,PEARLS,10002,1,9995,29,,,10005,29,,,,,10003.5,50
-2,61200,BANANAS,4987,30,,,,,4992,4,4993,1,4994,29,4989.5,505.75
-2,61200,PEARLS,9996,1,9995,29,,,10002,4,10004,1,10005,29,9999,62
-2,61300,BANANAS,4992,1,4987,27,,,4993,2,4994,25,,,4992.5,504
-2,61300,PEARLS,9996,2,9995,25,,,10004,2,10005,25,,,10000,62
-2,61400,BANANAS,4991,7,4986,29,,,4993,29,,,,,4992,760.5
-2,61400,PEARLS,10002,5,9995,29,,,10005,29,,,,,10003.5,62
-2,61500,BANANAS,4986,21,,,,,4993,21,,,,,4989.5,737.75
-2,61500,PEARLS,9995,21,,,,,10005,21,,,,,10000,62
-2,61600,BANANAS,4986,27,,,,,4988,1,4991,2,4993,27,4987,578
-2,61600,PEARLS,9995,27,,,,,9998,3,10002,2,10005,27,9996.5,62
-2,61700,BANANAS,4986,30,,,,,4993,30,,,,,4989.5,622.25
-2,61700,PEARLS,9995,30,,,,,10005,30,,,,,10000,62
-2,61800,BANANAS,4988,7,4987,26,,,4993,1,4994,25,,,4990.5,490.75
-2,61800,PEARLS,9998,7,9996,1,9995,25,10004,1,10005,25,,,10001,62
-2,61900,BANANAS,4987,22,,,,,4994,22,,,,,4990.5,360.75
-2,61900,PEARLS,9996,2,9995,20,,,10004,2,10005,20,,,10000,62
-2,62000,BANANAS,4987,21,,,,,4994,21,,,,,4990.5,280.5
-2,62000,PEARLS,9996,1,9995,20,,,10004,1,10005,20,,,10000,62
-2,62100,BANANAS,4988,22,,,,,4995,22,,,,,4991.5,-28.75
-2,62100,PEARLS,9995,22,,,,,10005,22,,,,,10000,62
-2,62200,BANANAS,4988,29,,,,,4995,29,,,,,4991.5,-169.25
-2,62200,PEARLS,9996,2,9995,27,,,10004,2,10005,27,,,10000,62
-2,62300,BANANAS,4988,25,,,,,4995,25,,,,,4991.5,-113.75
-2,62300,PEARLS,9996,1,9995,24,,,10004,1,10005,24,,,10000,62
-2,62400,PEARLS,9996,2,9995,24,,,10004,2,10005,24,,,10000,66
-2,62400,BANANAS,4988,26,,,,,4989,5,4994,2,4995,24,4988.5,13.25
-2,62500,PEARLS,9996,2,9995,26,,,10002,2,10004,2,10005,26,9999,66
-2,62500,BANANAS,4992,3,4988,2,4987,26,4994,28,,,,,4993,159.25
-2,62600,PEARLS,9996,2,9995,27,,,10002,10,10004,2,10005,27,9999,66
-2,62600,BANANAS,4988,28,,,,,4993,10,4994,2,4995,27,4990.5,71.75
-2,62700,PEARLS,9996,2,9995,23,,,10004,2,10005,23,,,10000,66
-2,62700,BANANAS,4988,2,4987,23,,,4994,25,,,,,4991,132.25
-2,62800,PEARLS,9996,1,9995,22,,,10004,1,10005,22,,,10000,66
-2,62800,BANANAS,4989,23,,,,,4995,1,4996,22,,,4992,-373.25
-2,62900,PEARLS,9996,1,9995,28,,,10002,10,10004,1,10005,28,9999,66
-2,62900,BANANAS,4990,1,4989,28,,,4994,10,4996,29,,,4992,-714.5
-2,63000,PEARLS,9996,1,9995,22,,,10000,6,10004,1,10005,22,9998,66
-2,63000,BANANAS,4989,23,,,,,4996,23,,,,,4992.5,-717.5
-2,63100,PEARLS,9995,24,,,,,10005,24,,,,,10000,66
-2,63100,BANANAS,4989,24,,,,,4996,24,,,,,4992.5,-654
-2,63200,BANANAS,4991,6,4990,28,,,4993,9,4996,2,4997,26,4992,-977.5
-2,63200,PEARLS,9998,6,9996,2,9995,26,10004,2,10005,26,,,10001,66
-2,63300,PEARLS,9995,23,,,,,9998,1,10005,23,,,9996.5,64
-2,63300,BANANAS,4989,23,,,,,4996,23,,,,,4992.5,-617.5
-2,63400,BANANAS,4989,22,,,,,4994,5,4996,22,,,4991.5,-523.25
-2,63400,PEARLS,9996,1,9995,21,,,10002,5,10004,1,10005,21,9999,62
-2,63500,PEARLS,9995,22,,,,,9998,6,10005,22,,,9996.5,62
-2,63500,BANANAS,4989,22,,,,,4996,22,,,,,4992.5,-706.25
-2,63600,BANANAS,4989,22,,,,,4996,22,,,,,4992.5,-529.75
-2,63600,PEARLS,9996,2,9995,20,,,10004,2,10005,20,,,10000,50
-2,63700,PEARLS,9996,1,9995,30,,,9998,1,10004,1,10005,30,9997,50
-2,63700,BANANAS,4989,31,,,,,4995,1,4996,30,,,4992,-437.5
-2,63800,BANANAS,4989,1,4988,20,,,4995,21,,,,,4992,-369.25
-2,63800,PEARLS,9996,1,9995,20,,,10004,1,10005,20,,,10000,46
-2,63900,PEARLS,10002,5,9998,8,9996,2,10004,2,10005,25,,,10003,46
-2,63900,BANANAS,4990,8,4989,27,,,4995,2,4996,25,,,4992.5,-496.5
-2,64000,BANANAS,4990,7,4989,29,,,4996,29,,,,,4993,-522.5
-2,64000,PEARLS,9998,7,9996,1,9995,28,10004,1,10005,28,,,10001,46
-2,64100,PEARLS,9998,10,9996,2,9995,30,10004,2,10005,30,,,10001,46
-2,64100,BANANAS,4990,10,4989,32,,,4996,32,,,,,4993,-599.75
-2,64200,BANANAS,4989,22,,,,,4996,22,,,,,4992.5,-714.25
-2,64200,PEARLS,9995,22,,,,,10005,22,,,,,10000,46
-2,64300,PEARLS,9998,8,9996,1,9995,28,10004,1,10005,28,,,10001,36
-2,64300,BANANAS,4992,2,4990,8,4989,29,4996,29,,,,,4994,-727
-2,64400,BANANAS,4990,24,,,,,4995,7,4997,24,,,4992.5,-942
-2,64400,PEARLS,9995,24,,,,,9998,9,10002,7,10005,24,9996.5,36
-2,64500,PEARLS,9995,26,,,,,10005,26,,,,,10000,38
-2,64500,BANANAS,4989,26,,,,,4994,1,4996,26,,,4991.5,-800.25
-2,64600,PEARLS,10002,1,9996,2,9995,23,10004,2,10005,23,,,10003,48
-2,64600,BANANAS,4994,1,4989,25,,,4996,25,,,,,4995,-518
-2,64700,PEARLS,9998,10,9996,1,9995,28,10004,1,10005,28,,,10001,48
-2,64700,BANANAS,4989,10,4988,29,,,4995,29,,,,,4992,-172
-2,64800,PEARLS,10002,1,9996,2,9995,25,10004,2,10005,25,,,10003,48
-2,64800,BANANAS,4988,2,4987,25,,,4994,27,,,,,4991,143.5
-2,64900,PEARLS,10002,1,9998,6,9995,29,10005,29,,,,,10003.5,48
-2,64900,BANANAS,4988,6,4987,29,,,4994,29,,,,,4991,251
-2,65000,PEARLS,9996,1,9995,21,,,10004,1,10005,21,,,10000,58
-2,65000,BANANAS,4988,22,,,,,4994,1,4995,21,,,4991,51
-2,65100,PEARLS,9995,26,,,,,10002,6,10005,26,,,9998.5,58
-2,65100,BANANAS,4988,26,,,,,4993,6,4995,26,,,4990.5,17.5
-2,65200,PEARLS,9996,2,9995,29,,,10004,2,10005,29,,,10000,58
-2,65200,BANANAS,4988,2,4987,29,,,4994,31,,,,,4991,134.25
-2,65300,PEARLS,10000,4,9996,1,9995,22,10004,1,10005,22,,,10002,56
-2,65300,BANANAS,4987,23,,,,,4994,23,,,,,4990.5,342.75
-2,65400,BANANAS,4990,4,4987,20,,,4994,20,,,,,4992,442.75
-2,65400,PEARLS,10002,1,9995,20,,,10005,20,,,,,10003.5,56
-2,65500,BANANAS,4987,22,,,,,4993,1,4994,21,,,4990,521.75
-2,65500,PEARLS,9996,1,9995,21,,,9998,1,10004,1,10005,21,9997,56
-2,65600,BANANAS,4986,30,,,,,4993,30,,,,,4989.5,632.25
-2,65600,PEARLS,9995,30,,,,,10005,30,,,,,10000,54
-2,65700,BANANAS,4986,26,,,,,4993,26,,,,,4989.5,908.25
-2,65700,PEARLS,9995,26,,,,,10005,26,,,,,10000,49
-2,65800,BANANAS,4986,30,,,,,4987,8,4992,2,4993,28,4986.5,1001.5
-2,65800,PEARLS,9996,2,9995,28,,,10004,2,10005,28,,,10000,49
-2,65900,BANANAS,4986,25,,,,,4993,25,,,,,4989.5,799.75
-2,65900,PEARLS,9995,25,,,,,9998,1,10005,25,,,9996.5,45
-2,66000,BANANAS,4986,8,4985,28,,,4992,28,,,,,4989,1225.75
-2,66000,PEARLS,9998,7,9996,1,9995,27,10004,1,10005,27,,,10001,41
-2,66100,BANANAS,4985,25,,,,,4992,25,,,,,4988.5,1273
-2,66100,PEARLS,9996,1,9995,24,,,10004,1,10005,24,,,10000,41
-2,66200,BANANAS,4984,24,,,,,4991,24,,,,,4987.5,1688.5
-2,66200,PEARLS,9995,24,,,,,10005,24,,,,,10000,41
-2,66300,BANANAS,4985,2,4984,26,,,4991,27,,,,,4988,1652.75
-2,66300,PEARLS,9998,1,9996,1,9995,26,10004,1,10005,26,,,10001,41
-2,66400,BANANAS,4984,25,,,,,4989,9,4991,25,,,4986.5,1799.5
-2,66400,PEARLS,9995,25,,,,,10002,9,10005,25,,,9998.5,41
-2,66500,BANANAS,4984,7,4983,24,,,4990,24,,,,,4987,2207.5
-2,66500,PEARLS,9998,7,9995,24,,,10005,24,,,,,10001.5,41
-2,66600,BANANAS,4984,8,4983,30,,,4990,31,,,,,4987,2188.25
-2,66600,PEARLS,9998,7,9996,1,9995,30,10004,1,10005,30,,,10001,41
-2,66700,BANANAS,4984,21,,,,,4991,21,,,,,4987.5,1833.25
-2,66700,PEARLS,9995,21,,,,,9998,2,10005,21,,,9996.5,41
-2,66800,BANANAS,4984,29,,,,,4991,29,,,,,4987.5,1812.5
-2,66800,PEARLS,9996,1,9995,28,,,9998,1,10004,1,10005,28,9997,37
-2,66900,PEARLS,9996,1,9995,29,,,10000,4,10004,1,10005,29,9998,37
-2,66900,BANANAS,4985,1,4984,29,,,4991,30,,,,,4988,1585.75
-2,67000,PEARLS,9996,1,9995,21,,,10004,1,10005,21,,,10000,37
-2,67000,BANANAS,4984,21,,,,,4991,22,,,,,4987.5,1597
-2,67100,PEARLS,9995,29,,,,,10002,3,10005,29,,,9998.5,37
-2,67100,BANANAS,4984,29,,,,,4989,3,4991,29,,,4986.5,2020.25
-2,67200,PEARLS,9996,1,9995,23,,,10002,8,10004,1,10005,23,9999,37
-2,67200,BANANAS,4984,24,,,,,4989,7,4991,24,,,4986.5,1926.25
-2,67300,PEARLS,9995,26,,,,,10005,26,,,,,10000,37
-2,67300,BANANAS,4984,26,,,,,4991,26,,,,,4987.5,2008.75
-2,67400,PEARLS,9996,1,9995,26,,,10004,1,10005,26,,,10000,37
-2,67400,BANANAS,4983,27,,,,,4990,27,,,,,4986.5,2296.25
-2,67500,PEARLS,9996,2,9995,27,,,10002,8,10004,2,10005,27,9999,33
-2,67500,BANANAS,4984,2,4983,27,,,4988,8,4990,29,,,4986,2134.75
-2,67600,PEARLS,9996,2,9995,30,,,10004,2,10005,30,,,10000,33
-2,67600,BANANAS,4984,2,4983,30,,,4990,32,,,,,4987,2055
-2,67700,PEARLS,9995,29,,,,,10005,29,,,,,10000,33
-2,67700,BANANAS,4983,29,,,,,4990,29,,,,,4986.5,2160.5
-2,67800,BANANAS,4984,23,,,,,4990,2,4991,21,,,4987,1987.25
-2,67800,PEARLS,9996,2,9995,21,,,10004,2,10005,21,,,10000,33
-2,67900,BANANAS,4984,11,4983,30,,,4986,1,4990,32,,,4985,2162.25
-2,67900,PEARLS,9998,9,9996,2,9995,30,10004,2,10005,30,,,10001,33
-2,68000,PEARLS,10002,5,9995,25,,,10005,25,,,,,10003.5,29
-2,68000,BANANAS,4988,10,4984,25,,,4990,25,,,,,4989,2023.75
-2,68100,PEARLS,9996,1,9995,28,,,10002,2,10004,1,10005,28,9999,56
-2,68100,BANANAS,4983,29,,,,,4988,3,4990,29,,,4985.5,2214
-2,68200,BANANAS,4989,1,4984,7,4983,20,4990,20,,,,,4989.5,2106.5
-2,68200,PEARLS,9998,7,9995,20,,,10005,20,,,,,10001.5,56
-2,68300,BANANAS,4983,20,,,,,4990,21,,,,,4986.5,2328.25
-2,68300,PEARLS,9996,1,9995,20,,,10004,1,10005,20,,,10000,56
-2,68400,PEARLS,9996,2,9995,25,,,10004,2,10005,25,,,10000,56
-2,68400,BANANAS,4984,27,,,,,4990,27,,,,,4987,2027
-2,68500,PEARLS,10002,1,9996,2,9995,23,10004,2,10005,23,,,10003,56
-2,68500,BANANAS,4984,25,,,,,4990,2,4991,23,,,4987,1976
-2,68600,BANANAS,4990,1,4984,27,,,4991,27,,,,,4990.5,1714
-2,68600,PEARLS,9996,2,9995,25,,,10004,2,10005,25,,,10000,58
-2,68700,BANANAS,4984,25,,,,,4991,25,,,,,4987.5,1885
-2,68700,PEARLS,9995,25,,,,,10005,25,,,,,10000,58
-2,68800,PEARLS,9996,2,9995,26,,,10002,4,10004,2,10005,26,9999,58
-2,68800,BANANAS,4984,28,,,,,4985,9,4989,4,4990,2,4984.5,1984
-2,68900,PEARLS,10002,1,9995,25,,,10005,25,,,,,10003.5,58
-2,68900,BANANAS,4989,1,4984,25,,,4991,25,,,,,4990,1788.25
-2,69000,BANANAS,4983,23,,,,,4990,23,,,,,4986.5,2370
-2,69000,PEARLS,9996,2,9995,21,,,10004,2,10005,21,,,10000,60
-2,69100,PEARLS,9995,25,,,,,10005,25,,,,,10000,60
-2,69100,BANANAS,4982,25,,,,,4985,4,4989,25,,,4983.5,2596
-2,69200,PEARLS,9996,2,9995,24,,,10004,2,10005,24,,,10000,60
-2,69200,BANANAS,4983,26,,,,,4990,26,,,,,4986.5,2378
-2,69300,PEARLS,9995,28,,,,,10005,28,,,,,10000,60
-2,69300,BANANAS,4983,28,,,,,4990,28,,,,,4986.5,2280.25
-2,69400,PEARLS,9998,6,9996,2,9995,20,10004,2,10005,20,,,10001,70
-2,69400,BANANAS,4989,1,4984,8,4983,20,4990,22,,,,,4989.5,2079.75
-2,69500,PEARLS,9995,20,,,,,10002,1,10005,20,,,9998.5,70
-2,69500,BANANAS,4983,20,,,,,4985,4,4988,1,4990,20,4984,2148.25
-2,69600,PEARLS,9996,1,9995,21,,,10004,1,10005,21,,,10000,70
-2,69600,BANANAS,4984,22,,,,,4985,2,4990,1,4991,21,4984.5,2028.5
-2,69700,PEARLS,9995,21,,,,,10005,21,,,,,10000,70
-2,69700,BANANAS,4983,21,,,,,4990,21,,,,,4986.5,2181
-2,69800,BANANAS,4988,1,4983,27,,,4989,1,4990,26,,,4988.5,2474.25
-2,69800,PEARLS,9996,1,9995,26,,,10004,1,10005,26,,,10000,70
-2,69900,BANANAS,4987,1,4983,8,4982,29,4989,29,,,,,4988,2836
-2,69900,PEARLS,9998,8,9995,29,,,10005,29,,,,,10001.5,70
-2,70000,BANANAS,4983,2,4982,28,,,4989,28,,,,,4986,2954.25
-2,70000,PEARLS,9998,2,9996,2,9995,26,10004,2,10005,26,,,10001,70
-2,70100,BANANAS,4982,24,,,,,4987,8,4988,2,4989,22,4984.5,3071.75
-2,70100,PEARLS,9996,2,9995,22,,,10002,8,10004,2,10005,22,9999,70
-2,70200,BANANAS,4982,2,4981,29,,,4986,3,4988,31,,,4984,3206.5
-2,70200,PEARLS,9996,2,9995,29,,,10002,3,10004,2,10005,29,9999,70
-2,70300,BANANAS,4980,29,,,,,4987,29,,,,,4983.5,3963.75
-2,70300,PEARLS,9996,1,9995,28,,,10004,1,10005,28,,,10000,70
-2,70400,BANANAS,4979,26,,,,,4980,1,4984,3,4986,26,4979.5,4390.25
-2,70400,PEARLS,9996,2,9995,24,,,10002,3,10004,2,10005,24,9999,70
-2,70500,BANANAS,4979,25,,,,,4986,25,,,,,4982.5,4501.75
-2,70500,PEARLS,9996,2,9995,23,,,10004,2,10005,23,,,10000,70
-2,70600,BANANAS,4979,30,,,,,4986,30,,,,,4982.5,4430.5
-2,70600,PEARLS,9995,30,,,,,10005,30,,,,,10000,70
-2,70700,BANANAS,4979,22,,,,,4980,10,4986,22,,,4979.5,4555
-2,70700,PEARLS,9995,22,,,,,10005,22,,,,,10000,70
-2,70800,BANANAS,4978,28,,,,,4980,4,4985,28,,,4979,4724.25
-2,70800,PEARLS,9995,28,,,,,10005,28,,,,,10000,70
-2,70900,BANANAS,4978,26,,,,,4985,26,,,,,4981.5,5229.75
-2,70900,PEARLS,9995,26,,,,,10005,26,,,,,10000,70
-2,71000,BANANAS,4979,2,4978,29,,,4985,31,,,,,4982,4788
-2,71000,PEARLS,9996,2,9995,29,,,9998,1,10004,2,10005,29,9997,70
-2,71100,BANANAS,4979,4,4978,25,,,4985,25,,,,,4982,5029.25
-2,71100,PEARLS,9998,4,9995,25,,,10005,25,,,,,10001.5,70
-2,71200,BANANAS,4979,28,,,,,4985,2,4986,26,,,4982,4661.5
-2,71200,PEARLS,10000,5,9996,2,9995,26,10004,2,10005,26,,,10002,70
-2,71300,PEARLS,9995,29,,,,,10005,29,,,,,10000,70
-2,71300,BANANAS,4979,29,,,,,4986,29,,,,,4982.5,4320.5
-2,71400,PEARLS,9995,29,,,,,10002,8,10005,29,,,9998.5,70
-2,71400,BANANAS,4979,29,,,,,4980,1,4984,8,4986,29,4979.5,4261
-2,71500,PEARLS,9998,10,9995,30,,,10005,30,,,,,10001.5,70
-2,71500,BANANAS,4980,10,4979,30,,,4986,30,,,,,4983,4384.25
-2,71600,PEARLS,9995,20,,,,,10005,20,,,,,10000,70
-2,71600,BANANAS,4979,20,,,,,4986,20,,,,,4982.5,4355.5
-2,71700,PEARLS,9995,20,,,,,10005,20,,,,,10000,20
-2,71700,BANANAS,4979,20,,,,,4986,20,,,,,4982.5,4608.75
-2,71800,PEARLS,9998,3,9996,2,9995,23,10004,2,10005,23,,,10001,20
-2,71800,BANANAS,4984,1,4980,3,4979,25,4986,25,,,,,4985,4552
-2,71900,PEARLS,9996,2,9995,28,,,10004,2,10005,28,,,10000,20
-2,71900,BANANAS,4979,30,,,,,4986,30,,,,,4982.5,4551.75
-2,72000,BANANAS,4979,26,,,,,4986,26,,,,,4982.5,4435.75
-2,72000,PEARLS,10002,2,9995,26,,,10005,26,,,,,10003.5,20
-2,72100,PEARLS,9998,1,9996,1,9995,23,10004,1,10005,23,,,10001,20
-2,72100,BANANAS,4980,2,4979,23,,,4986,24,,,,,4983,4227.75
-2,72200,BANANAS,4980,24,,,,,4985,10,4987,24,,,4982.5,3848.25
-2,72200,PEARLS,9995,24,,,,,10002,10,10005,24,,,9998.5,20
-2,72300,PEARLS,9996,1,9995,29,,,10004,1,10005,29,,,10000,20
-2,72300,BANANAS,4980,30,,,,,4987,30,,,,,4983.5,3934
-2,72400,BANANAS,4981,2,4980,21,,,4985,4,4987,23,,,4983,3705.75
-2,72400,PEARLS,9996,2,9995,21,,,10002,4,10004,2,10005,21,9999,20
-2,72500,PEARLS,9996,2,9995,22,,,10004,2,10005,22,,,10000,20
-2,72500,BANANAS,4980,24,,,,,4987,24,,,,,4983.5,3879.5
-2,72600,BANANAS,4985,1,4980,22,,,4986,1,4987,21,,,4985.5,4076
-2,72600,PEARLS,9996,1,9995,21,,,10004,1,10005,21,,,10000,20
-2,72700,PEARLS,9995,23,,,,,10005,23,,,,,10000,20
-2,72700,BANANAS,4979,23,,,,,4986,23,,,,,4982.5,4212.25
-2,72800,BANANAS,4979,26,,,,,4986,26,,,,,4982.5,4427.75
-2,72800,PEARLS,9996,1,9995,25,,,10004,1,10005,25,,,10000,20
-2,72900,PEARLS,9996,2,9995,23,,,9998,1,10004,2,10005,23,9997,20
-2,72900,BANANAS,4980,2,4979,23,,,4986,25,,,,,4983,4213.25
-2,73000,BANANAS,4980,24,,,,,4987,24,,,,,4983.5,4011.5
-2,73000,PEARLS,9995,24,,,,,10005,24,,,,,10000,20
-2,73100,PEARLS,9995,26,,,,,10005,26,,,,,10000,20
-2,73100,BANANAS,4980,26,,,,,4987,26,,,,,4983.5,3733
-2,73200,BANANAS,4981,1,4980,30,,,4987,30,,,,,4984,3739
-2,73200,PEARLS,9998,1,9996,2,9995,28,10004,2,10005,28,,,10001,20
-2,73300,PEARLS,9996,2,9995,30,,,10004,2,10005,30,,,10000,20
-2,73300,BANANAS,4981,2,4980,30,,,4987,32,,,,,4984,3679.25
-2,73400,BANANAS,4981,2,4980,31,,,4982,1,4987,31,,,4981.5,3806.5
-2,73400,PEARLS,9998,2,9996,1,9995,30,10004,1,10005,30,,,10001,20
-2,73500,PEARLS,9995,20,,,,,10005,20,,,,,10000,20
-2,73500,BANANAS,4983,5,4980,20,,,4987,20,,,,,4985,4058
-2,73600,PEARLS,9995,26,,,,,10005,26,,,,,10000,20
-2,73600,BANANAS,4980,26,,,,,4987,26,,,,,4983.5,3960.5
-2,73700,PEARLS,9995,30,,,,,10005,30,,,,,10000,20
-2,73700,BANANAS,4980,30,,,,,4987,30,,,,,4983.5,3902
-2,73800,PEARLS,10000,3,9995,30,,,10005,30,,,,,10002.5,20
-2,73800,BANANAS,4980,30,,,,,4986,30,,,,,4983,4181.5
-2,73900,PEARLS,9996,1,9995,26,,,10004,1,10005,26,,,10000,20
-2,73900,BANANAS,4980,26,,,,,4986,1,4987,26,,,4983,4047.75
-2,74000,PEARLS,9995,29,,,,,10005,29,,,,,10000,20
-2,74000,BANANAS,4979,29,,,,,4986,29,,,,,4982.5,4437.75
-2,74100,PEARLS,10002,1,9996,2,9995,29,10004,2,10005,29,,,10003,20
-2,74100,BANANAS,4979,31,,,,,4986,31,,,,,4982.5,4478.25
-2,74200,PEARLS,9996,1,9995,27,,,10002,1,10004,1,10005,27,9999,22
-2,74200,BANANAS,4983,2,4979,28,,,4985,1,4986,27,,,4984,4621.5
-2,74300,BANANAS,4983,1,4979,25,,,4985,25,,,,,4984,4740.5
-2,74300,PEARLS,9995,25,,,,,10005,25,,,,,10000,22
-2,74400,BANANAS,4978,21,,,,,4985,21,,,,,4981.5,4984.75
-2,74400,PEARLS,10000,6,9996,1,9995,20,10004,1,10005,20,,,10002,22
-2,74500,BANANAS,4979,1,4978,22,,,4985,23,,,,,4982,4777.5
-2,74500,PEARLS,9996,1,9995,22,,,10004,1,10005,22,,,10000,26
-2,74600,BANANAS,4979,31,,,,,4985,1,4986,30,,,4982,4650.75
-2,74600,PEARLS,9996,1,9995,30,,,10004,1,10005,30,,,10000,26
-2,74700,BANANAS,4979,26,,,,,4984,3,4986,26,,,4981.5,4384.75
-2,74700,PEARLS,9996,2,9995,24,,,10002,3,10004,2,10005,24,9999,26
-2,74800,BANANAS,4979,26,,,,,4986,26,,,,,4982.5,4356
-2,74800,PEARLS,9996,1,9995,25,,,10004,1,10005,25,,,10000,26
-2,74900,BANANAS,4979,24,,,,,4986,24,,,,,4982.5,4648.5
-2,74900,PEARLS,10002,1,9995,24,,,10005,24,,,,,10003.5,26
-2,75000,BANANAS,4979,30,,,,,4986,30,,,,,4982.5,4734.5
-2,75000,PEARLS,9995,30,,,,,10005,30,,,,,10000,28
-2,75100,BANANAS,4978,25,,,,,4985,25,,,,,4981.5,5003
-2,75100,PEARLS,9995,25,,,,,10005,25,,,,,10000,28
-2,75200,BANANAS,4978,22,,,,,4985,22,,,,,4981.5,4902.75
-2,75200,PEARLS,9996,2,9995,20,,,10004,2,10005,20,,,10000,28
-2,75300,BANANAS,4983,1,4979,27,,,4984,5,4986,27,,,4983.5,4631.5
-2,75300,PEARLS,9995,27,,,,,10002,5,10005,27,,,9998.5,24
-2,75400,BANANAS,4979,30,,,,,4986,30,,,,,4982.5,4560.5
-2,75400,PEARLS,9995,30,,,,,10005,30,,,,,10000,24
-2,75500,BANANAS,4979,29,,,,,4985,1,4986,29,,,4982,4696.75
-2,75500,PEARLS,9996,1,9995,29,,,10004,1,10005,29,,,10000,24
-2,75600,BANANAS,4984,1,4979,10,4978,20,4985,22,,,,,4984.5,4784.25
-2,75600,PEARLS,10000,6,9998,8,9996,2,10004,2,10005,20,,,10002,24
-2,75700,BANANAS,4979,22,,,,,4980,3,4985,22,,,4979.5,4741.5
-2,75700,PEARLS,10002,3,9996,1,9995,21,10004,1,10005,21,,,10003,24
-2,75800,PEARLS,9998,2,9996,1,9995,21,10004,1,10005,21,,,10001,24
-2,75800,BANANAS,4979,2,4978,22,,,4985,22,,,,,4982,5073.5
-2,75900,PEARLS,9996,2,9995,30,,,10004,2,10005,30,,,10000,24
-2,75900,BANANAS,4978,32,,,,,4985,32,,,,,4981.5,5043.25
-2,76000,PEARLS,9996,1,9995,21,,,10002,1,10004,1,10005,21,9999,24
-2,76000,BANANAS,4978,22,,,,,4983,1,4985,22,,,4980.5,5002
-2,76100,PEARLS,9996,2,9995,26,,,10002,9,10004,2,10005,26,9999,24
-2,76100,BANANAS,4978,28,,,,,4983,9,4985,28,,,4980.5,5129.75
-2,76200,PEARLS,9998,5,9995,26,,,10005,26,,,,,10001.5,24
-2,76200,BANANAS,4979,5,4978,26,,,4985,26,,,,,4982,5228.75
-2,76300,PEARLS,9995,27,,,,,9998,1,10002,9,10005,27,9996.5,24
-2,76300,BANANAS,4978,27,,,,,4983,9,4985,27,,,4980.5,5169.75
-2,76400,PEARLS,9996,2,9995,26,,,10000,2,10004,2,10005,26,9998,26
-2,76400,BANANAS,4978,1,4977,26,,,4984,28,,,,,4981,5361.25
-2,76500,BANANAS,4977,31,,,,,4984,31,,,,,4980.5,5536.25
-2,76500,PEARLS,9996,1,9995,30,,,10004,1,10005,30,,,10000,26
-2,76600,PEARLS,9998,2,9996,2,9995,29,10004,2,10005,29,,,10001,26
-2,76600,BANANAS,4978,4,4977,29,,,4984,31,,,,,4981,5358.25
-2,76700,PEARLS,9998,5,9996,2,9995,20,10004,2,10005,20,,,10001,26
-2,76700,BANANAS,4978,7,4977,20,,,4984,22,,,,,4981,5310.75
-2,76800,BANANAS,4978,26,,,,,4985,26,,,,,4981.5,4921.75
-2,76800,PEARLS,9996,1,9995,25,,,10004,1,10005,25,,,10000,26
-2,76900,BANANAS,4979,2,4978,31,,,4984,1,4985,30,,,4981.5,5159
-2,76900,PEARLS,9998,2,9996,1,9995,30,10004,1,10005,30,,,10001,26
-2,77000,PEARLS,9995,25,,,,,10002,8,10005,25,,,9998.5,26
-2,77000,BANANAS,4977,25,,,,,4982,8,4984,25,,,4979.5,5582.5
-2,77100,PEARLS,9998,3,9996,2,9995,25,10004,2,10005,25,,,10001,26
-2,77100,BANANAS,4978,5,4977,25,,,4984,27,,,,,4981,5367
-2,77200,BANANAS,4978,28,,,,,4984,2,4985,26,,,4981,5148
-2,77200,PEARLS,9996,2,9995,26,,,10004,2,10005,26,,,10000,26
-2,77300,BANANAS,4977,30,,,,,4984,30,,,,,4980.5,5327.75
-2,77300,PEARLS,9995,30,,,,,10005,30,,,,,10000,26
-2,77400,PEARLS,9998,2,9996,1,9995,27,10000,6,10004,1,10005,27,9999,26
-2,77400,BANANAS,4978,2,4977,28,,,4984,28,,,,,4981,5679
-2,77500,PEARLS,9998,8,9995,20,,,10005,20,,,,,10001.5,26
-2,77500,BANANAS,4978,8,4977,20,,,4984,20,,,,,4981,5696.25
-2,77600,BANANAS,4976,26,,,,,4983,26,,,,,4979.5,6114.25
-2,77600,PEARLS,10000,2,9996,1,9995,25,10004,1,10005,25,,,10002,26
-2,77700,BANANAS,4977,6,4976,26,,,4983,26,,,,,4980,6201.75
-2,77700,PEARLS,9998,1,9996,2,9995,24,10004,2,10005,24,,,10001,16
-2,77800,PEARLS,9996,2,9995,24,,,10004,2,10005,24,,,10000,16
-2,77800,BANANAS,4981,1,4975,26,,,4982,26,,,,,4981.5,6721.5
-2,77900,PEARLS,9995,30,,,,,10005,30,,,,,10000,16
-2,77900,BANANAS,4975,30,,,,,4982,30,,,,,4978.5,6787.25
-2,78000,PEARLS,10002,2,9996,1,9995,27,10004,1,10005,27,,,10003,16
-2,78000,BANANAS,4974,28,,,,,4981,28,,,,,4977.5,7293.75
-2,78100,PEARLS,9996,2,9995,30,,,10004,2,10005,30,,,10000,20
-2,78100,BANANAS,4979,1,4974,32,,,4981,32,,,,,4980,7357.25
-2,78200,PEARLS,9995,20,,,,,9998,1,10005,20,,,9996.5,20
-2,78200,BANANAS,4975,20,,,,,4982,20,,,,,4978.5,7009.75
-2,78300,PEARLS,9995,22,,,,,10005,22,,,,,10000,20
-2,78300,BANANAS,4974,22,,,,,4977,4,4981,22,,,4975.5,7081
-2,78400,PEARLS,9998,1,9996,2,9995,26,10004,2,10005,26,,,10001,10
-2,78400,BANANAS,4976,1,4975,28,,,4981,2,4982,26,,,4978.5,6899.75
-2,78500,PEARLS,10002,2,9996,2,9995,30,10004,2,10005,30,,,10003,10
-2,78500,BANANAS,4975,2,4974,30,,,4981,32,,,,,4978,7044.5
-2,78600,PEARLS,9995,30,,,,,10002,7,10005,30,,,9998.5,10
-2,78600,BANANAS,4974,30,,,,,4975,1,4979,7,4981,30,4974.5,7267.5
-2,78700,BANANAS,4974,29,,,,,4980,29,,,,,4977,7635.5
-2,78700,PEARLS,9996,2,9995,27,,,10004,2,10005,27,,,10000,10
-2,78800,BANANAS,4974,23,,,,,4981,24,,,,,4977.5,7392.75
-2,78800,PEARLS,9996,1,9995,23,,,10004,1,10005,23,,,10000,10
-2,78900,BANANAS,4974,30,,,,,4981,30,,,,,4977.5,7453
-2,78900,PEARLS,9995,30,,,,,10005,30,,,,,10000,10
-2,79000,BANANAS,4975,1,4974,21,,,4981,22,,,,,4978,7067.5
-2,79000,PEARLS,9996,1,9995,21,,,10004,1,10005,21,,,10000,10
-2,79100,BANANAS,4978,2,4974,27,,,4981,27,,,,,4979.5,7372.5
-2,79100,PEARLS,10000,5,9995,27,,,10005,27,,,,,10002.5,24
-2,79200,BANANAS,4974,30,,,,,4979,5,4981,30,,,4976.5,7438
-2,79200,PEARLS,9996,1,9995,29,,,10002,5,10004,1,10005,29,9999,24
-2,79300,BANANAS,4977,4,4974,29,,,4981,29,,,,,4979,7429.5
-2,79300,PEARLS,9995,29,,,,,10005,29,,,,,10000,24
-2,79400,BANANAS,4974,20,,,,,4981,20,,,,,4977.5,7095.25
-2,79400,PEARLS,10002,1,9995,20,,,10005,20,,,,,10003.5,24
-2,79500,BANANAS,4975,28,,,,,4982,28,,,,,4978.5,6661
-2,79500,PEARLS,10002,1,9996,2,9995,26,10004,2,10005,26,,,10003,24
-2,79600,BANANAS,4975,27,,,,,4982,27,,,,,4978.5,6764
-2,79600,PEARLS,9996,1,9995,26,,,10004,1,10005,26,,,10000,26
-2,79700,BANANAS,4975,2,4974,30,,,4981,32,,,,,4978,7062.75
-2,79700,PEARLS,9996,2,9995,30,,,10004,2,10005,30,,,10000,26
-2,79800,BANANAS,4974,22,,,,,4980,2,4981,20,,,4977,7514
-2,79800,PEARLS,9996,2,9995,20,,,10004,2,10005,20,,,10000,26
-2,79900,BANANAS,4975,4,4974,23,,,4981,23,,,,,4978,7189
-2,79900,PEARLS,9998,4,9996,2,9995,21,10004,2,10005,21,,,10001,26
-2,80000,BANANAS,4975,5,4974,30,,,4981,30,,,,,4978,7223.75
-2,80000,PEARLS,10002,1,9998,5,9995,30,10005,30,,,,,10003.5,26
-2,80100,BANANAS,4974,31,,,,,4979,5,4981,31,,,4976.5,7402
-2,80100,PEARLS,9996,1,9995,30,,,10002,6,10004,1,10005,30,9999,26
-2,80200,PEARLS,9996,2,9995,25,,,10004,2,10005,25,,,10000,26
-2,80200,BANANAS,4974,27,,,,,4981,27,,,,,4977.5,7428.25
-2,80300,PEARLS,10002,1,9996,1,9995,29,10004,1,10005,29,,,10003,26
-2,80300,BANANAS,4973,30,,,,,4980,30,,,,,4976.5,8088.75
-2,80400,PEARLS,9995,23,,,,,10000,4,10005,23,,,9997.5,28
-2,80400,BANANAS,4972,23,,,,,4979,23,,,,,4975.5,8538.75
-2,80500,PEARLS,9996,2,9995,21,,,10002,8,10004,2,10005,21,9999,28
-2,80500,BANANAS,4973,1,4972,21,,,4977,8,4979,23,,,4975,8312.75
-2,80600,PEARLS,9998,3,9996,1,9995,26,10004,1,10005,26,,,10001,28
-2,80600,BANANAS,4974,3,4973,27,,,4979,1,4980,26,,,4976.5,8226.25
-2,80700,PEARLS,9996,2,9995,27,,,10004,2,10005,27,,,10000,28
-2,80700,BANANAS,4973,29,,,,,4979,2,4980,27,,,4976,8201.75
-2,80800,PEARLS,9995,25,,,,,10002,4,10005,25,,,9998.5,30
-2,80800,BANANAS,4972,25,,,,,4977,5,4979,25,,,4974.5,8469.25
-2,80900,PEARLS,9996,2,9995,28,,,10004,2,10005,28,,,10000,30
-2,80900,BANANAS,4973,2,4972,28,,,4979,30,,,,,4976,8331.25
-2,81000,BANANAS,4973,32,,,,,4980,32,,,,,4976.5,7893.75
-2,81000,PEARLS,9996,2,9995,30,,,10004,2,10005,30,,,10000,30
-2,81100,PEARLS,9996,1,9995,28,,,10002,6,10004,1,10005,28,9999,30
-2,81100,BANANAS,4973,29,,,,,4978,6,4979,1,4980,28,4975.5,8218.5
-2,81200,BANANAS,4973,27,,,,,4978,3,4979,1,4980,26,4975.5,8228.75
-2,81200,PEARLS,9996,1,9995,26,,,10002,3,10004,1,10005,26,9999,30
-2,81300,PEARLS,9996,2,9995,20,,,9998,1,10002,8,10004,2,9997,30
-2,81300,BANANAS,4973,2,4972,20,,,4977,7,4979,22,,,4975,8355.25
-2,81400,BANANAS,4973,23,,,,,4979,23,,,,,4976,8277.5
-2,81400,PEARLS,10002,1,9996,2,9995,21,10004,2,10005,21,,,10003,28
-2,81500,PEARLS,9998,2,9995,28,,,10005,28,,,,,10001.5,28
-2,81500,BANANAS,4973,2,4972,28,,,4979,28,,,,,4976,8288
-2,81600,BANANAS,4973,10,4972,20,,,4979,20,,,,,4976,8339.5
-2,81600,PEARLS,9998,10,9995,20,,,10005,20,,,,,10001.5,28
-2,81700,PEARLS,9996,2,9995,25,,,10002,6,10004,2,10005,25,9999,30
-2,81700,BANANAS,4972,27,,,,,4977,7,4979,27,,,4974.5,8577.75
-2,81800,BANANAS,4973,8,4972,29,,,4979,29,,,,,4976,8593.5
-2,81800,PEARLS,9998,8,9996,1,9995,28,10004,1,10005,28,,,10001,28
-2,81900,PEARLS,9996,2,9995,25,,,10000,4,10004,2,10005,25,9998,28
-2,81900,BANANAS,4972,27,,,,,4978,2,4979,25,,,4975,8764.25
-2,82000,BANANAS,4976,5,4972,32,,,4978,2,4979,30,,,4977,8815.75
-2,82000,PEARLS,9996,2,9995,30,,,10004,2,10005,30,,,10000,28
-2,82100,PEARLS,9996,1,9995,21,,,10004,1,10005,21,,,10000,28
-2,82100,BANANAS,4972,21,,,,,4978,1,4979,21,,,4975,8847.5
-2,82200,BANANAS,4977,1,4972,30,,,4979,30,,,,,4978,8693.75
-2,82200,PEARLS,9996,2,9995,28,,,10004,2,10005,28,,,10000,28
-2,82300,PEARLS,9996,1,9995,26,,,10004,1,10005,26,,,10000,28
-2,82300,BANANAS,4972,27,,,,,4978,1,4979,26,,,4975,8857.5
-2,82400,PEARLS,9996,2,9995,24,,,10004,2,10005,24,,,10000,32
-2,82400,BANANAS,4972,2,4971,24,,,4978,26,,,,,4975,8955
-2,82500,PEARLS,9996,2,9995,24,,,10004,2,10005,24,,,10000,32
-2,82500,BANANAS,4972,26,,,,,4975,2,4979,26,,,4973.5,8694.25
-2,82600,PEARLS,9998,7,9996,2,9995,21,10004,2,10005,21,,,10001,32
-2,82600,BANANAS,4973,6,4972,23,,,4978,2,4979,21,,,4975.5,8761.25
-2,82700,PEARLS,10002,2,9996,1,9995,30,10004,1,10005,30,,,10003,32
-2,82700,BANANAS,4972,31,,,,,4978,1,4979,30,,,4975,8843.5
-2,82800,PEARLS,9996,1,9995,21,,,10004,1,10005,21,,,10000,32
-2,82800,BANANAS,4972,22,,,,,4979,22,,,,,4975.5,8635.25
-2,82900,PEARLS,9996,1,9995,22,,,10002,1,10004,1,10005,22,9999,32
-2,82900,BANANAS,4972,23,,,,,4977,1,4979,23,,,4974.5,8579.75
-2,83000,PEARLS,9996,1,9995,30,,,10004,1,10005,30,,,10000,32
-2,83000,BANANAS,4972,31,,,,,4979,31,,,,,4975.5,8570.5
-2,83100,BANANAS,4972,21,,,,,4979,21,,,,,4975.5,8528.5
-2,83100,PEARLS,9996,1,9995,20,,,10004,1,10005,20,,,10000,32
-2,83200,BANANAS,4972,28,,,,,4978,1,4979,27,,,4975,8861.5
-2,83200,PEARLS,9996,1,9995,27,,,10004,1,10005,27,,,10000,32
-2,83300,BANANAS,4972,22,,,,,4979,22,,,,,4975.5,8750.5
-2,83300,PEARLS,9995,22,,,,,10005,22,,,,,10000,24
-2,83400,BANANAS,4973,2,4972,28,,,4979,30,,,,,4976,8381.25
-2,83400,PEARLS,9996,2,9995,28,,,10004,2,10005,28,,,10000,24
-2,83500,BANANAS,4973,2,4972,27,,,4977,1,4979,29,,,4975,8242.5
